Date;Value_date;Reference;Recipient/Sender;IBAN;Amount;Balance;Transaction_Type;Category
2024-01-01;2024-01-02;INV4713;Crescent Technologies;DE1860197269680432003;6412.76;7412.76;Transfer;Administrative Expenses
2024-01-02;2024-01-02;REF3275;Isabella Wilson;DE1610482117117913758;-948.64;6464.12;Transfer;Taxes
2024-01-02;2024-01-02;PO2196;Summit Enterprises;DE9280954483357112007;-9547.55;-3083.43;Withdrawal;Taxes
2024-01-04;2024-01-04;TAX7131;Federal Revenue Service;DE4267818305575542483;-2248.86;-5332.29;Transfer;Administrative Expenses
2024-01-05;2024-01-06;PO8786;Summit Enterprises;DE9280954483357112007;-3122.82;-8455.11;Transfer;Administrative Expenses
2024-01-05;2024-01-05;PO8816;Sierra Industries;DE3390620094997185945;-7006.89;-15462.0;Withdrawal;Marketing
2024-01-06;2024-01-06;PO2140;Silverstone Solutions;DE1005274807899939805;-9153.07;-24615.07;Withdrawal;Research and Development
2024-01-06;2024-01-06;REF7203;Liam Brown;DE2287010195568088798;903.57;-23711.5;Transfer;Cost of Goods Sold
2024-01-06;2024-01-06;REF2110;Liam Brown;DE2287010195568088798;-299.04;-24010.54;Transfer;Interest Expense
2024-01-06;2024-01-06;REF5582;Liam Brown;DE2287010195568088798;-646.53;-24657.07;Transfer;Research and Development
2024-01-07;2024-01-07;PO6963;Sierra Industries;DE3390620094997185945;-6174.04;-30831.11;Transfer;Cost of Goods Sold
2024-01-07;2024-01-07;REF7291;Isabella Wilson;DE1610482117117913758;-958.57;-31789.68;Transfer;Taxes
2024-01-07;2024-01-07;REF4571;Ethan Moore;DE5143222138124291040;-734.58;-32524.26;Withdrawal;Administrative Expenses
2024-01-08;2024-01-08;PO4122;Silverstone Solutions;DE1005274807899939805;-9821.02;-42345.28;Transfer;Interest Expense
2024-01-10;2024-01-10;PO4056;Silverstone Solutions;DE1005274807899939805;-4237.34;-46582.62;Transfer;Interest Expense
2024-01-11;2024-01-12;PO4747;Synergy Technologies;DE7626146788286948833;-940.62;-47523.24;Withdrawal;Administrative Expenses
2024-01-11;2024-01-11;REF7365;James Smith;DE5075213287439027999;558.99;-46964.25;Withdrawal;Taxes
2024-01-11;2024-01-11;PO1364;Summit Enterprises;DE9280954483357112007;-152.21;-47116.46;Withdrawal;Interest Expense
2024-01-11;2024-01-11;REF3068;Liam Brown;DE2287010195568088798;-52.88;-47169.34;Transfer;Research and Development
2024-01-12;2024-01-12;REF3017;James Smith;DE5075213287439027999;-266.82;-47436.16;Transfer;Marketing
2024-01-13;2024-01-13;REF7745;Ava Davis;DE2434045291625091977;604.47;-46831.69;Deposit;Revenue
2024-01-13;2024-01-13;REF6615;Ava Davis;DE2434045291625091977;-515.5;-47347.19;Transfer;Interest Expense
2024-01-13;2024-01-13;REF6378;Isabella Wilson;DE1610482117117913758;-442.79;-47789.98;Transfer;Taxes
2024-01-13;2024-01-13;REF2679;Liam Brown;DE2287010195568088798;353.4;-47436.58;Transfer;Research and Development
2024-01-14;2024-01-14;REF4898;Mason Miller;DE4172431589140685843;177.71;-47258.87;Transfer;Cost of Goods Sold
2024-01-15;2024-01-15;TAX5336;Federal Tax Authority;DE6618241879776128855;-1809.46;-49068.33;Transfer;Research and Development
2024-01-15;2024-01-15;REF6567;Jackson Jones;DE6798178739033726258;-297.95;-49366.28;Deposit;Revenue
2024-01-15;2024-01-15;REF3925;Tom Williams;DE5617091973383039115;161.18;-49205.1;Withdrawal;Cost of Goods Sold
2024-01-16;2024-01-16;REF3853;Jackson Jones;DE6798178739033726258;-562.11;-49767.21;Withdrawal;Taxes
2024-01-16;2024-01-16;PO8308;Sierra Industries;DE3390620094997185945;-8225.94;-57993.15;Withdrawal;Interest Expense
2024-01-17;2024-01-17;REF4285;Tom Williams;DE5617091973383039115;-330.92;-58324.07;Transfer;Cost of Goods Sold
2024-01-17;2024-01-17;REF9026;Isabella Wilson;DE1610482117117913758;51.64;-58272.43;Withdrawal;Cost of Goods Sold
2024-01-17;2024-01-17;REF2425;Mason Miller;DE4172431589140685843;-121.86;-58394.29;Transfer;Taxes
2024-01-17;2024-01-17;PO7051;Synergy Technologies;DE7626146788286948833;-792.24;-59186.53;Transfer;Research and Development
2024-01-17;2024-01-17;REF4456;Isabella Wilson;DE1610482117117913758;826.27;-58360.26;Withdrawal;Administrative Expenses
2024-01-18;2024-01-18;INV3735;Crescent Technologies;DE1860197269680432003;14849.1;-43511.16;Transfer;Research and Development
2024-01-18;2024-01-18;INV1931;Cobalt Solutions;DE3145917995920697483;14078.2;-29432.96;Transfer;Research and Development
2024-01-18;2024-01-18;TAX1797;Federal Revenue Service;DE4267818305575542483;-3800.8;-33233.76;Transfer;Marketing
2024-01-19;2024-01-19;TAX7870;Federal Tax Authority;DE6618241879776128855;-3899.87;-37133.63;Transfer;Marketing
2024-01-19;2024-01-19;REF5687;Olivia Johnson;DE3875075356094878438;-286.05;-37419.68;Transfer;Taxes
2024-01-19;2024-01-19;PO6439;Summit Enterprises;DE9280954483357112007;-1311.69;-38731.37;Withdrawal;Cost of Goods Sold
2024-01-20;2024-01-20;INV3267;Crystal Ventures;DE5383706197956849164;3982.17;-34749.2;Transfer;Cost of Goods Sold
2024-01-21;2024-01-21;REF3178;Tom Williams;DE5617091973383039115;-459.13;-35208.33;Transfer;Interest Expense
2024-01-21;2024-01-22;REF2691;Ava Davis;DE2434045291625091977;407.47;-34800.86;Withdrawal;Taxes
2024-01-21;2024-01-21;INV4673;Charlotte Taylor;DE3318885925221042601;9717.68;-25083.18;Transfer;Marketing
2024-01-22;2024-01-22;REF9498;Liam Brown;DE2287010195568088798;75.74;-25007.44;Transfer;Research and Development
2024-01-22;2024-01-22;PO8790;Summit Enterprises;DE9280954483357112007;-7291.76;-32299.2;Transfer;Interest Expense
2024-01-22;2024-01-22;PO6918;Silverstone Solutions;DE1005274807899939805;-6122.95;-38422.15;Withdrawal;Cost of Goods Sold
2024-01-23;2024-01-23;INV6323;Charlotte Taylor;DE3318885925221042601;14211.8;-24210.35;Transfer;Cost of Goods Sold
2024-01-23;2024-01-23;PO6074;Summit Enterprises;DE9280954483357112007;-4348.02;-28558.37;Withdrawal;Research and Development
2024-01-23;2024-01-23;TAX9543;Federal Revenue Service;DE4267818305575542483;-3522.01;-32080.38;Transfer;Revenue
2024-01-24;2024-01-24;INV5806;Circuit Innovations;DE2011334758886620566;5383.37;-26697.01;Payment;Revenue
2024-01-24;2024-01-24;INV1266;Charlotte Taylor;DE3318885925221042601;1872.32;-24824.69;Transfer;Marketing
2024-01-24;2024-01-24;REF6715;Mason Miller;DE4172431589140685843;619.11;-24205.58;Transfer;Taxes
2024-01-24;2024-01-25;PO5786;Synergy Technologies;DE7626146788286948833;-3032.8;-27238.38;Transfer;Interest Expense
2024-01-24;2024-01-25;REF9071;Jackson Jones;DE6798178739033726258;-767.76;-28006.14;Deposit;Revenue
2024-01-25;2024-01-25;REF6294;Jackson Jones;DE6798178739033726258;596.29;-27409.85;Transfer;Research and Development
2024-01-25;2024-01-25;REF1138;Jackson Jones;DE6798178739033726258;961.08;-26448.77;Withdrawal;Research and Development
2024-01-27;2024-01-27;REF9589;James Smith;DE5075213287439027999;258.05;-26190.72;Payment;Revenue
2024-01-27;2024-01-27;REF5533;Ethan Moore;DE5143222138124291040;-911.83;-27102.55;Withdrawal;Administrative Expenses
2024-01-27;2024-01-27;PO6020;Silverstone Solutions;DE1005274807899939805;-3005.41;-30107.96;Transfer;Cost of Goods Sold
2024-01-27;2024-01-27;REF3793;Isabella Wilson;DE1610482117117913758;-253.43;-30361.39;Transfer;Administrative Expenses
2024-01-27;2024-01-27;PO6545;Silverstone Solutions;DE1005274807899939805;-4072.01;-34433.4;Transfer;Interest Expense
2024-01-27;2024-01-27;INV7183;Circuit Innovations;DE2011334758886620566;11509.04;-22924.36;Transfer;Administrative Expenses
2024-01-28;2024-01-28;REF8836;Ethan Moore;DE5143222138124291040;879.31;-22045.05;Transfer;Research and Development
2024-01-28;2024-01-28;PO3419;Sapphire Ventures;DE7225561338774758243;-1321.16;-23366.21;Withdrawal;Cost of Goods Sold
2024-01-28;2024-01-28;INV6231;Circuit Innovations;DE2011334758886620566;8103.55;-15262.66;Transfer;Administrative Expenses
2024-01-29;2024-01-29;REF6169;Jackson Jones;DE6798178739033726258;110.35;-15152.31;Transfer;Cost of Goods Sold
2024-01-29;2024-01-29;TAX2753;Federal Tax Authority;DE6618241879776128855;-3365.93;-18518.24;Transfer;Taxes
2024-01-29;2024-01-29;REF9625;Olivia Johnson;DE3875075356094878438;-555.71;-19073.95;Withdrawal;Administrative Expenses
2024-01-30;2024-01-30;REF5043;Ethan Moore;DE5143222138124291040;-515.29;-19589.24;Transfer;Taxes
2024-01-30;2024-01-30;PO1998;Synergy Technologies;DE7626146788286948833;-2527.72;-22116.96;Transfer;Revenue
2024-01-30;2024-01-30;INV1828;Charlotte Taylor;DE3318885925221042601;13771.29;-8345.67;Transfer;Administrative Expenses
2024-01-31;2024-01-31;TAX3521;Federal Tax Authority;DE6618241879776128855;-1563.49;-9909.16;Transfer;Cost of Goods Sold
2024-01-31;2024-01-31;REF8807;Tom Williams;DE5617091973383039115;677.94;-9231.22;Transfer;Marketing
2024-01-31;2024-01-31;REF5728;Jackson Jones;DE6798178739033726258;-121.69;-9352.91;Payment;Revenue
2024-01-31;2024-01-31;REF8933;Ethan Moore;DE5143222138124291040;-71.12;-9424.03;Withdrawal;Interest Expense
2024-02-01;2024-02-01;REF7359;Olivia Johnson;DE3875075356094878438;959.7;-8464.33;Withdrawal;Marketing
2024-02-01;2024-02-01;INV1685;Crescent Technologies;DE1860197269680432003;1461.66;-7002.67;Transfer;Marketing
2024-02-01;2024-02-01;REF1984;Ava Davis;DE2434045291625091977;-483.52;-7486.19;Withdrawal;Administrative Expenses
2024-02-02;2024-02-02;INV5951;Charlotte Taylor;DE3318885925221042601;9742.1;2255.91;Transfer;Cost of Goods Sold
2024-02-02;2024-02-02;INV4714;Cosmos Enterprises;DE4713525880837132271;1819.11;4075.02;Transfer;Marketing
2024-02-03;2024-02-03;INV6064;Crescent Technologies;DE1860197269680432003;2824.28;6899.3;Transfer;Interest Expense
2024-02-03;2024-02-03;INV2581;Crescent Technologies;DE1860197269680432003;11737.74;18637.04;Transfer;Research and Development
2024-02-03;2024-02-03;INV3087;Cobalt Solutions;DE3145917995920697483;3901.77;22538.81;Transfer;Research and Development
2024-02-04;2024-02-05;REF2160;Ava Davis;DE2434045291625091977;28.31;22567.12;Withdrawal;Taxes
2024-02-04;2024-02-04;PO2983;Sapphire Ventures;DE7225561338774758243;-4806.97;17760.15;Transfer;Cost of Goods Sold
2024-02-04;2024-02-05;TAX8925;Federal Tax Authority;DE6618241879776128855;-3155.04;14605.11;Transfer;Research and Development
2024-02-04;2024-02-04;PO6307;Silverstone Solutions;DE1005274807899939805;-2337.34;12267.77;Transfer;Interest Expense
2024-02-06;2024-02-06;INV8147;Circuit Innovations;DE2011334758886620566;290.94;12558.71;Transfer;Taxes
2024-02-07;2024-02-07;REF3636;Isabella Wilson;DE1610482117117913758;463.97;13022.68;Transfer;Administrative Expenses
2024-02-07;2024-02-07;INV1853;Circuit Innovations;DE2011334758886620566;4999.61;18022.29;Transfer;Marketing
2024-02-08;2024-02-09;PO6618;Sapphire Ventures;DE7225561338774758243;-6988.25;11034.04;Withdrawal;Administrative Expenses
2024-02-09;2024-02-09;INV9317;Cosmos Enterprises;DE4713525880837132271;11565.41;22599.45;Transfer;Interest Expense
2024-02-09;2024-02-10;INV2011;Cosmos Enterprises;DE4713525880837132271;12433.32;35032.77;Transfer;Research and Development
2024-02-09;2024-02-09;INV9307;Cobalt Solutions;DE3145917995920697483;5773.39;40806.16;Transfer;Marketing
2024-02-10;2024-02-10;REF9464;Liam Brown;DE2287010195568088798;529.08;41335.24;Withdrawal;Marketing
2024-02-10;2024-02-10;TAX9071;Federal Revenue Service;DE4267818305575542483;-1992.25;39342.99;Transfer;Taxes
2024-02-11;2024-02-11;TAX2062;Federal Revenue Service;DE4267818305575542483;-4179.58;35163.41;Transfer;Taxes
2024-02-11;2024-02-11;REF2460;James Smith;DE5075213287439027999;413.48;35576.89;Withdrawal;Research and Development
2024-02-11;2024-02-11;INV2076;Crystal Ventures;DE5383706197956849164;1901.61;37478.5;Payment;Revenue
2024-02-11;2024-02-11;PO1853;Synergy Technologies;DE7626146788286948833;-10.92;37467.58;Withdrawal;Administrative Expenses
2024-02-12;2024-02-12;PO4329;Silverstone Solutions;DE1005274807899939805;-266.61;37200.97;Transfer;Research and Development
2024-02-13;2024-02-13;REF6068;Isabella Wilson;DE1610482117117913758;-541.29;36659.68;Withdrawal;Research and Development
2024-02-13;2024-02-13;PO7290;Sapphire Ventures;DE7225561338774758243;-5051.38;31608.3;Withdrawal;Research and Development
2024-02-13;2024-02-13;INV7503;Cosmos Enterprises;DE4713525880837132271;11525.57;43133.87;Transfer;Marketing
2024-02-13;2024-02-13;PO8723;Sapphire Ventures;DE7225561338774758243;-1335.65;41798.22;Transfer;Cost of Goods Sold
2024-02-13;2024-02-14;PO3525;Sapphire Ventures;DE7225561338774758243;-1632.23;40165.99;Withdrawal;Research and Development
2024-02-13;2024-02-13;PO4977;Synergy Technologies;DE7626146788286948833;-4286.12;35879.87;Transfer;Interest Expense
2024-02-14;2024-02-14;REF7088;Liam Brown;DE2287010195568088798;-96.19;35783.68;Withdrawal;Administrative Expenses
2024-02-14;2024-02-14;PO9015;Silverstone Solutions;DE1005274807899939805;-1386.63;34397.05;Transfer;Research and Development
2024-02-14;2024-02-14;INV7868;Crystal Ventures;DE5383706197956849164;2999.87;37396.92;Transfer;Interest Expense
2024-02-15;2024-02-15;REF7075;Liam Brown;DE2287010195568088798;-839.92;36557.0;Transfer;Interest Expense
2024-02-15;2024-02-15;TAX5478;Federal Tax Authority;DE6618241879776128855;-2968.88;33588.12;Transfer;Interest Expense
2024-02-15;2024-02-15;REF9767;Liam Brown;DE2287010195568088798;477.37;34065.49;Transfer;Cost of Goods Sold
2024-02-15;2024-02-15;REF6031;Liam Brown;DE2287010195568088798;-159.05;33906.44;Withdrawal;Marketing
2024-02-15;2024-02-15;INV4986;Cosmos Enterprises;DE4713525880837132271;6540.79;40447.23;Payment;Revenue
2024-02-15;2024-02-15;REF2899;Ava Davis;DE2434045291625091977;940.37;41387.6;Payment;Revenue
2024-02-15;2024-02-15;PO2497;Sierra Industries;DE3390620094997185945;-3147.41;38240.19;Withdrawal;Taxes
2024-02-16;2024-02-16;INV5332;Crescent Technologies;DE1860197269680432003;8053.22;46293.41;Payment;Revenue
2024-02-16;2024-02-16;INV1003;Crystal Ventures;DE5383706197956849164;11358.59;57652.0;Transfer;Marketing
2024-02-16;2024-02-16;INV8075;Cobalt Solutions;DE3145917995920697483;1457.5;59109.5;Payment;Revenue
2024-02-16;2024-02-16;INV2646;Cosmos Enterprises;DE4713525880837132271;6660.74;65770.24;Payment;Revenue
2024-02-17;2024-02-17;REF5333;Mason Miller;DE4172431589140685843;614.26;66384.5;Payment;Revenue
2024-02-18;2024-02-18;TAX7461;Federal Tax Authority;DE6618241879776128855;-4633.33;61751.17;Transfer;Marketing
2024-02-18;2024-02-18;REF5843;James Smith;DE5075213287439027999;-677.06;61074.11;Withdrawal;Interest Expense
2024-02-19;2024-02-19;PO9043;Summit Enterprises;DE9280954483357112007;-8465.64;52608.47;Withdrawal;Cost of Goods Sold
2024-02-19;2024-02-19;REF4144;Liam Brown;DE2287010195568088798;239.56;52848.03;Withdrawal;Marketing
2024-02-19;2024-02-19;INV6071;Crystal Ventures;DE5383706197956849164;8211.57;61059.6;Transfer;Marketing
2024-02-20;2024-02-20;REF7751;Ethan Moore;DE5143222138124291040;-836.11;60223.49;Transfer;Marketing
2024-02-20;2024-02-20;PO8982;Summit Enterprises;DE9280954483357112007;-494.12;59729.37;Withdrawal;Administrative Expenses
2024-02-21;2024-02-21;REF6544;Isabella Wilson;DE1610482117117913758;601.71;60331.08;Transfer;Cost of Goods Sold
2024-02-21;2024-02-21;REF8415;Ava Davis;DE2434045291625091977;-18.68;60312.4;Withdrawal;Interest Expense
2024-02-21;2024-02-22;TAX4787;Federal Tax Authority;DE6618241879776128855;-2761.92;57550.48;Transfer;Administrative Expenses
2024-02-22;2024-02-22;PO6105;Summit Enterprises;DE9280954483357112007;-8345.13;49205.35;Transfer;Interest Expense
2024-02-22;2024-02-22;REF2381;Ava Davis;DE2434045291625091977;9.1;49214.45;Deposit;Revenue
2024-02-22;2024-02-22;PO4063;Synergy Technologies;DE7626146788286948833;-6345.73;42868.72;Transfer;Marketing
2024-02-22;2024-02-22;PO3042;Silverstone Solutions;DE1005274807899939805;-7152.22;35716.5;Transfer;Administrative Expenses
2024-02-23;2024-02-23;REF4594;Mason Miller;DE4172431589140685843;450.5;36167.0;Withdrawal;Administrative Expenses
2024-02-23;2024-02-23;INV4365;Cosmos Enterprises;DE4713525880837132271;13665.68;49832.68;Transfer;Interest Expense
2024-02-23;2024-02-23;PO4154;Summit Enterprises;DE9280954483357112007;-1779.8;48052.88;Withdrawal;Research and Development
2024-02-23;2024-02-23;INV7738;Crescent Technologies;DE1860197269680432003;1564.09;49616.97;Transfer;Interest Expense
2024-02-23;2024-02-23;INV2901;Cobalt Solutions;DE3145917995920697483;12471.45;62088.42;Transfer;Administrative Expenses
2024-02-23;2024-02-23;REF3535;Olivia Johnson;DE3875075356094878438;313.47;62401.89;Deposit;Revenue
2024-02-23;2024-02-23;PO2928;Sapphire Ventures;DE7225561338774758243;-7175.76;55226.13;Transfer;Marketing
2024-02-23;2024-02-23;REF7719;Ava Davis;DE2434045291625091977;-98.13;55128.0;Withdrawal;Administrative Expenses
2024-02-24;2024-02-24;REF3881;Liam Brown;DE2287010195568088798;608.22;55736.22;Payment;Revenue
2024-02-25;2024-02-25;REF6139;Mason Miller;DE4172431589140685843;-127.21;55609.01;Transfer;Marketing
2024-02-25;2024-02-25;INV5991;Charlotte Taylor;DE3318885925221042601;1407.69;57016.7;Transfer;Interest Expense
2024-02-26;2024-02-26;INV1669;Charlotte Taylor;DE3318885925221042601;5489.91;62506.61;Transfer;Interest Expense
2024-02-26;2024-02-27;INV3066;Crescent Technologies;DE1860197269680432003;2341.57;64848.18;Transfer;Taxes
2024-02-26;2024-02-26;INV4884;Cosmos Enterprises;DE4713525880837132271;11068.84;75917.02;Transfer;Marketing
2024-02-26;2024-02-27;PO2669;Sapphire Ventures;DE7225561338774758243;-1772.13;74144.89;Transfer;Research and Development
2024-02-26;2024-02-26;PO9782;Sierra Industries;DE3390620094997185945;-9835.81;64309.08;Payment;Revenue
2024-02-27;2024-02-27;PO3476;Summit Enterprises;DE9280954483357112007;-3415.04;60894.04;Withdrawal;Administrative Expenses
2024-02-28;2024-02-28;PO9646;Sierra Industries;DE3390620094997185945;-350.5;60543.54;Withdrawal;Interest Expense
2024-02-28;2024-02-28;INV3522;Cosmos Enterprises;DE4713525880837132271;7480.65;68024.19;Payment;Revenue
2024-02-28;2024-02-28;TAX3441;Federal Tax Authority;DE6618241879776128855;-548.78;67475.41;Transfer;Revenue
2024-02-28;2024-02-28;PO8848;Sierra Industries;DE3390620094997185945;-7895.07;59580.34;Transfer;Interest Expense
2024-02-28;2024-02-28;PO7010;Synergy Technologies;DE7626146788286948833;-4584.99;54995.35;Transfer;Taxes
2024-02-28;2024-02-28;REF3815;Ava Davis;DE2434045291625091977;602.64;55597.99;Payment;Revenue
2024-02-29;2024-02-29;INV6134;Crystal Ventures;DE5383706197956849164;14311.49;69909.48;Transfer;Administrative Expenses
2024-02-29;2024-02-29;PO3546;Synergy Technologies;DE7626146788286948833;-7279.24;62630.24;Payment;Revenue
2024-02-29;2024-02-29;INV2460;Cosmos Enterprises;DE4713525880837132271;5110.17;67740.41;Transfer;Interest Expense
2024-02-29;2024-02-29;TAX7297;Federal Tax Authority;DE6618241879776128855;-3051.43;64688.98;Transfer;Research and Development
2024-03-01;2024-03-01;INV9856;Circuit Innovations;DE2011334758886620566;4970.49;69659.47;Transfer;Taxes
2024-03-01;2024-03-01;INV9946;Circuit Innovations;DE2011334758886620566;3012.6;72672.07;Transfer;Interest Expense
2024-03-02;2024-03-02;PO2093;Sierra Industries;DE3390620094997185945;-4017.08;68654.99;Withdrawal;Interest Expense
2024-03-02;2024-03-02;INV6842;Cosmos Enterprises;DE4713525880837132271;4857.28;73512.27;Transfer;Marketing
2024-03-02;2024-03-02;REF6704;Ethan Moore;DE5143222138124291040;-643.98;72868.29;Withdrawal;Research and Development
2024-03-03;2024-03-03;INV9781;Crescent Technologies;DE1860197269680432003;355.34;73223.63;Transfer;Cost of Goods Sold
2024-03-03;2024-03-04;INV2501;Charlotte Taylor;DE3318885925221042601;9944.9;83168.53;Transfer;Revenue
2024-03-06;2024-03-06;TAX7211;Federal Revenue Service;DE4267818305575542483;-1681.14;81487.39;Transfer;Research and Development
2024-03-06;2024-03-06;TAX6273;Federal Revenue Service;DE4267818305575542483;-2529.86;78957.53;Transfer;Marketing
2024-03-08;2024-03-08;PO1807;Sierra Industries;DE3390620094997185945;-4523.96;74433.57;Withdrawal;Cost of Goods Sold
2024-03-09;2024-03-10;PO4272;Summit Enterprises;DE9280954483357112007;-8044.78;66388.79;Withdrawal;Research and Development
2024-03-09;2024-03-09;PO5831;Sapphire Ventures;DE7225561338774758243;-6756.89;59631.9;Transfer;Interest Expense
2024-03-10;2024-03-10;TAX7813;Federal Tax Authority;DE6618241879776128855;-785.25;58846.65;Transfer;Research and Development
2024-03-10;2024-03-10;REF5932;Olivia Johnson;DE3875075356094878438;-390.01;58456.64;Withdrawal;Interest Expense
2024-03-10;2024-03-10;TAX8460;Federal Tax Authority;DE6618241879776128855;-1973.13;56483.51;Transfer;Interest Expense
2024-03-11;2024-03-11;REF9254;Ava Davis;DE2434045291625091977;869.76;57353.27;Withdrawal;Research and Development
2024-03-11;2024-03-11;REF6375;Jackson Jones;DE6798178739033726258;-760.03;56593.24;Payment;Revenue
2024-03-11;2024-03-11;PO9508;Sierra Industries;DE3390620094997185945;-5434.68;51158.56;Payment;Revenue
2024-03-11;2024-03-11;PO3215;Silverstone Solutions;DE1005274807899939805;-5703.66;45454.9;Transfer;Interest Expense
2024-03-12;2024-03-12;REF2263;Liam Brown;DE2287010195568088798;29.08;45483.98;Withdrawal;Administrative Expenses
2024-03-13;2024-03-14;TAX8775;Federal Revenue Service;DE4267818305575542483;-2903.18;42580.8;Transfer;Cost of Goods Sold
2024-03-13;2024-03-13;TAX4943;Federal Revenue Service;DE4267818305575542483;-4163.2;38417.6;Transfer;Marketing
2024-03-13;2024-03-14;INV2503;Crystal Ventures;DE5383706197956849164;2613.4;41031.0;Transfer;Cost of Goods Sold
2024-03-14;2024-03-14;INV6780;Crescent Technologies;DE1860197269680432003;3616.06;44647.06;Payment;Revenue
2024-03-14;2024-03-14;PO7910;Summit Enterprises;DE9280954483357112007;-9513.98;35133.08;Withdrawal;Marketing
2024-03-14;2024-03-14;REF6658;Ava Davis;DE2434045291625091977;950.75;36083.83;Deposit;Revenue
2024-03-14;2024-03-14;PO7576;Silverstone Solutions;DE1005274807899939805;-5004.22;31079.61;Transfer;Revenue
2024-03-14;2024-03-14;REF4578;Ethan Moore;DE5143222138124291040;227.93;31307.54;Transfer;Marketing
2024-03-15;2024-03-16;PO5106;Synergy Technologies;DE7626146788286948833;-2022.85;29284.69;Transfer;Interest Expense
2024-03-15;2024-03-15;PO2831;Summit Enterprises;DE9280954483357112007;-2787.28;26497.41;Withdrawal;Research and Development
2024-03-16;2024-03-17;REF3320;Liam Brown;DE2287010195568088798;-285.61;26211.8;Transfer;Cost of Goods Sold
2024-03-17;2024-03-17;TAX5940;Federal Revenue Service;DE4267818305575542483;-1938.68;24273.12;Transfer;Administrative Expenses
2024-03-19;2024-03-19;REF5087;James Smith;DE5075213287439027999;-437.72;23835.4;Transfer;Taxes
2024-03-20;2024-03-21;REF3662;Liam Brown;DE2287010195568088798;952.41;24787.81;Deposit;Revenue
2024-03-21;2024-03-21;TAX3852;Federal Tax Authority;DE6618241879776128855;-1110.89;23676.92;Transfer;Revenue
2024-03-21;2024-03-21;TAX9810;Federal Tax Authority;DE6618241879776128855;-3569.74;20107.18;Transfer;Interest Expense
2024-03-21;2024-03-22;INV9789;Crystal Ventures;DE5383706197956849164;6282.01;26389.19;Transfer;Marketing
2024-03-21;2024-03-21;PO2229;Synergy Technologies;DE7626146788286948833;-8436.24;17952.95;Withdrawal;Research and Development
2024-03-22;2024-03-22;PO5050;Sierra Industries;DE3390620094997185945;-1609.77;16343.18;Withdrawal;Interest Expense
2024-03-22;2024-03-22;REF4527;Ava Davis;DE2434045291625091977;914.43;17257.61;Withdrawal;Cost of Goods Sold
2024-03-22;2024-03-22;REF2529;Tom Williams;DE5617091973383039115;309.18;17566.79;Withdrawal;Cost of Goods Sold
2024-03-22;2024-03-22;INV7267;Cosmos Enterprises;DE4713525880837132271;13083.78;30650.57;Payment;Revenue
2024-03-22;2024-03-22;PO6123;Summit Enterprises;DE9280954483357112007;-8103.56;22547.01;Transfer;Marketing
2024-03-23;2024-03-23;PO6310;Silverstone Solutions;DE1005274807899939805;-5118.83;17428.18;Transfer;Administrative Expenses
2024-03-23;2024-03-23;REF6669;Liam Brown;DE2287010195568088798;894.97;18323.15;Withdrawal;Cost of Goods Sold
2024-03-24;2024-03-25;INV1420;Cosmos Enterprises;DE4713525880837132271;13934.02;32257.17;Payment;Revenue
2024-03-24;2024-03-24;REF9568;Mason Miller;DE4172431589140685843;34.45;32291.62;Withdrawal;Administrative Expenses
2024-03-24;2024-03-24;REF4077;Isabella Wilson;DE1610482117117913758;-861.09;31430.53;Transfer;Marketing
2024-03-24;2024-03-24;INV9125;Circuit Innovations;DE2011334758886620566;3298.89;34729.42;Transfer;Interest Expense
2024-03-25;2024-03-25;PO5835;Sierra Industries;DE3390620094997185945;-2541.87;32187.55;Withdrawal;Cost of Goods Sold
2024-03-25;2024-03-25;REF4390;Olivia Johnson;DE3875075356094878438;610.88;32798.43;Withdrawal;Interest Expense
2024-03-25;2024-03-25;INV9131;Crystal Ventures;DE5383706197956849164;2265.97;35064.4;Transfer;Research and Development
2024-03-26;2024-03-26;REF8429;Ava Davis;DE2434045291625091977;193.07;35257.47;Transfer;Cost of Goods Sold
2024-03-26;2024-03-26;REF5911;Ethan Moore;DE5143222138124291040;-31.54;35225.93;Transfer;Administrative Expenses
2024-03-26;2024-03-27;PO9736;Synergy Technologies;DE7626146788286948833;-9926.77;25299.16;Transfer;Cost of Goods Sold
2024-03-26;2024-03-26;INV5745;Crystal Ventures;DE5383706197956849164;691.22;25990.38;Transfer;Taxes
2024-03-27;2024-03-27;REF9445;Jackson Jones;DE6798178739033726258;327.71;26318.09;Withdrawal;Cost of Goods Sold
2024-03-27;2024-03-28;REF2666;Liam Brown;DE2287010195568088798;912.93;27231.02;Withdrawal;Marketing
2024-03-28;2024-03-28;REF6427;Ethan Moore;DE5143222138124291040;131.71;27362.73;Transfer;Research and Development
2024-03-28;2024-03-28;PO2646;Sapphire Ventures;DE7225561338774758243;-8229.41;19133.32;Transfer;Research and Development
2024-03-29;2024-03-29;REF2388;Jackson Jones;DE6798178739033726258;344.22;19477.54;Withdrawal;Cost of Goods Sold
2024-03-30;2024-03-30;TAX8612;Federal Revenue Service;DE4267818305575542483;-193.99;19283.55;Transfer;Interest Expense
2024-03-30;2024-03-30;PO5029;Synergy Technologies;DE7626146788286948833;-8216.37;11067.18;Transfer;Cost of Goods Sold
2024-03-30;2024-03-30;PO4770;Synergy Technologies;DE7626146788286948833;-5002.38;6064.8;Payment;Revenue
2024-03-31;2024-03-31;PO3955;Sierra Industries;DE3390620094997185945;-3530.83;2533.97;Transfer;Administrative Expenses
2024-04-02;2024-04-02;PO2442;Sapphire Ventures;DE7225561338774758243;-3734.36;-1200.39;Withdrawal;Marketing
2024-04-02;2024-04-02;REF4046;Ethan Moore;DE5143222138124291040;-284.51;-1484.9;Transfer;Cost of Goods Sold
2024-04-02;2024-04-02;PO3712;Sapphire Ventures;DE7225561338774758243;-2795.38;-4280.28;Transfer;Marketing
2024-04-02;2024-04-03;REF9056;Ethan Moore;DE5143222138124291040;938.11;-3342.17;Payment;Revenue
2024-04-03;2024-04-03;INV8498;Cobalt Solutions;DE3145917995920697483;564.39;-2777.78;Transfer;Revenue
2024-04-04;2024-04-04;INV4844;Crystal Ventures;DE5383706197956849164;9933.72;7155.94;Transfer;Cost of Goods Sold
2024-04-04;2024-04-04;TAX6718;Federal Tax Authority;DE6618241879776128855;-4820.07;2335.87;Transfer;Interest Expense
2024-04-04;2024-04-05;REF8827;Tom Williams;DE5617091973383039115;-771.83;1564.04;Transfer;Marketing
2024-04-04;2024-04-04;REF4183;Tom Williams;DE5617091973383039115;-770.75;793.29;Transfer;Taxes
2024-04-04;2024-04-04;PO4568;Summit Enterprises;DE9280954483357112007;-4084.79;-3291.5;Transfer;Taxes
2024-04-05;2024-04-05;TAX7227;Federal Revenue Service;DE4267818305575542483;-4580.1;-7871.6;Transfer;Taxes
2024-04-05;2024-04-06;REF1613;Jackson Jones;DE6798178739033726258;-981.47;-8853.07;Transfer;Administrative Expenses
2024-04-05;2024-04-05;INV4853;Cobalt Solutions;DE3145917995920697483;6062.6;-2790.47;Transfer;Research and Development
2024-04-06;2024-04-06;REF3690;Ethan Moore;DE5143222138124291040;372.53;-2417.94;Transfer;Cost of Goods Sold
2024-04-06;2024-04-06;REF8937;Ethan Moore;DE5143222138124291040;518.99;-1898.95;Withdrawal;Cost of Goods Sold
2024-04-06;2024-04-06;REF7993;James Smith;DE5075213287439027999;-494.26;-2393.21;Withdrawal;Interest Expense
2024-04-06;2024-04-06;INV9561;Crescent Technologies;DE1860197269680432003;1776.25;-616.96;Transfer;Marketing
2024-04-07;2024-04-07;TAX7939;Federal Revenue Service;DE4267818305575542483;-2985.6;-3602.56;Transfer;Interest Expense
2024-04-07;2024-04-08;PO3236;Silverstone Solutions;DE1005274807899939805;-1368.37;-4970.93;Withdrawal;Research and Development
2024-04-08;2024-04-08;PO4033;Synergy Technologies;DE7626146788286948833;-8086.51;-13057.44;Payment;Revenue
2024-04-08;2024-04-08;REF6868;Isabella Wilson;DE1610482117117913758;448.8;-12608.64;Withdrawal;Cost of Goods Sold
2024-04-08;2024-04-08;INV3296;Charlotte Taylor;DE3318885925221042601;6334.01;-6274.63;Payment;Revenue
2024-04-08;2024-04-08;INV4613;Cobalt Solutions;DE3145917995920697483;14381.59;8106.96;Transfer;Taxes
2024-04-08;2024-04-08;INV2106;Crescent Technologies;DE1860197269680432003;8897.37;17004.33;Transfer;Research and Development
2024-04-09;2024-04-09;REF4313;Tom Williams;DE5617091973383039115;-328.22;16676.11;Transfer;Interest Expense
2024-04-10;2024-04-10;TAX2252;Federal Tax Authority;DE6618241879776128855;-1435.62;15240.49;Transfer;Taxes
2024-04-10;2024-04-10;PO5016;Synergy Technologies;DE7626146788286948833;-8495.84;6744.65;Withdrawal;Cost of Goods Sold
2024-04-11;2024-04-11;REF9571;Tom Williams;DE5617091973383039115;946.24;7690.89;Withdrawal;Taxes
2024-04-11;2024-04-11;TAX9740;Federal Revenue Service;DE4267818305575542483;-4615.13;3075.76;Transfer;Research and Development
2024-04-11;2024-04-11;INV4568;Circuit Innovations;DE2011334758886620566;14599.38;17675.14;Transfer;Interest Expense
2024-04-12;2024-04-12;REF1479;Mason Miller;DE4172431589140685843;-818.44;16856.7;Withdrawal;Interest Expense
2024-04-12;2024-04-12;INV6728;Charlotte Taylor;DE3318885925221042601;4584.81;21441.51;Transfer;Cost of Goods Sold
2024-04-12;2024-04-12;REF9094;Liam Brown;DE2287010195568088798;-947.43;20494.08;Withdrawal;Research and Development
2024-04-12;2024-04-12;REF6080;Ava Davis;DE2434045291625091977;30.77;20524.85;Payment;Revenue
2024-04-13;2024-04-13;PO2785;Summit Enterprises;DE9280954483357112007;-8447.45;12077.4;Transfer;Marketing
2024-04-13;2024-04-13;PO8279;Summit Enterprises;DE9280954483357112007;-1853.51;10223.89;Withdrawal;Marketing
2024-04-14;2024-04-14;REF4910;Ava Davis;DE2434045291625091977;-468.77;9755.12;Deposit;Revenue
2024-04-14;2024-04-14;REF2021;Ava Davis;DE2434045291625091977;-528.77;9226.35;Transfer;Taxes
2024-04-14;2024-04-14;REF5702;Tom Williams;DE5617091973383039115;292.09;9518.44;Withdrawal;Taxes
2024-04-15;2024-04-15;PO3766;Silverstone Solutions;DE1005274807899939805;-9726.77;-208.33;Transfer;Research and Development
2024-04-16;2024-04-16;PO7048;Silverstone Solutions;DE1005274807899939805;-6962.71;-7171.04;Withdrawal;Research and Development
2024-04-16;2024-04-16;REF7783;Ethan Moore;DE5143222138124291040;-909.02;-8080.06;Withdrawal;Interest Expense
2024-04-17;2024-04-17;REF4339;Olivia Johnson;DE3875075356094878438;92.85;-7987.21;Withdrawal;Interest Expense
2024-04-17;2024-04-17;TAX2684;Federal Revenue Service;DE4267818305575542483;-3266.97;-11254.18;Transfer;Research and Development
2024-04-19;2024-04-20;INV7690;Charlotte Taylor;DE3318885925221042601;3822.05;-7432.13;Transfer;Marketing
2024-04-19;2024-04-19;PO3841;Summit Enterprises;DE9280954483357112007;-6648.32;-14080.45;Transfer;Administrative Expenses
2024-04-19;2024-04-19;INV3697;Circuit Innovations;DE2011334758886620566;5690.81;-8389.64;Payment;Revenue
2024-04-20;2024-04-20;REF6383;Liam Brown;DE2287010195568088798;548.74;-7840.9;Transfer;Administrative Expenses
2024-04-20;2024-04-20;PO1034;Sierra Industries;DE3390620094997185945;-8777.94;-16618.84;Withdrawal;Cost of Goods Sold
2024-04-20;2024-04-21;INV3917;Charlotte Taylor;DE3318885925221042601;5816.08;-10802.76;Transfer;Marketing
2024-04-20;2024-04-20;PO9647;Synergy Technologies;DE7626146788286948833;-5771.68;-16574.44;Withdrawal;Administrative Expenses
2024-04-21;2024-04-22;REF2986;Ethan Moore;DE5143222138124291040;990.63;-15583.81;Transfer;Taxes
2024-04-21;2024-04-21;REF7043;Tom Williams;DE5617091973383039115;-664.42;-16248.23;Transfer;Taxes
2024-04-22;2024-04-22;PO1897;Sapphire Ventures;DE7225561338774758243;-9923.21;-26171.44;Withdrawal;Administrative Expenses
2024-04-22;2024-04-22;PO8936;Summit Enterprises;DE9280954483357112007;-9457.15;-35628.59;Withdrawal;Administrative Expenses
2024-04-23;2024-04-23;PO6947;Sierra Industries;DE3390620094997185945;-9632.41;-45261.0;Withdrawal;Taxes
2024-04-23;2024-04-23;INV9129;Cosmos Enterprises;DE4713525880837132271;2118.24;-43142.76;Transfer;Cost of Goods Sold
2024-04-23;2024-04-23;TAX8145;Federal Tax Authority;DE6618241879776128855;-3644.27;-46787.03;Transfer;Cost of Goods Sold
2024-04-24;2024-04-25;PO2059;Sapphire Ventures;DE7225561338774758243;-3566.57;-50353.6;Withdrawal;Taxes
2024-04-25;2024-04-25;TAX7608;Federal Revenue Service;DE4267818305575542483;-1262.08;-51615.68;Transfer;Administrative Expenses
2024-04-25;2024-04-25;REF8011;Jackson Jones;DE6798178739033726258;-622.43;-52238.11;Transfer;Taxes
2024-04-26;2024-04-26;REF1231;Jackson Jones;DE6798178739033726258;416.04;-51822.07;Deposit;Revenue
2024-04-26;2024-04-26;INV1431;Circuit Innovations;DE2011334758886620566;11606.46;-40215.61;Transfer;Research and Development
2024-04-27;2024-04-28;PO1339;Summit Enterprises;DE9280954483357112007;-14.27;-40229.88;Payment;Revenue
2024-04-27;2024-04-27;REF4588;Mason Miller;DE4172431589140685843;273.24;-39956.64;Withdrawal;Taxes
2024-04-27;2024-04-27;PO5263;Sierra Industries;DE3390620094997185945;-8366.09;-48322.73;Withdrawal;Research and Development
2024-04-28;2024-04-28;PO6503;Silverstone Solutions;DE1005274807899939805;-5887.2;-54209.93;Withdrawal;Taxes
2024-04-29;2024-04-29;TAX1157;Federal Tax Authority;DE6618241879776128855;-340.15;-54550.08;Transfer;Taxes
2024-04-30;2024-04-30;REF4262;Liam Brown;DE2287010195568088798;-705.29;-55255.37;Transfer;Cost of Goods Sold
2024-05-01;2024-05-01;REF2300;Liam Brown;DE2287010195568088798;-880.15;-56135.52;Withdrawal;Research and Development
2024-05-01;2024-05-01;PO1894;Synergy Technologies;DE7626146788286948833;-5783.61;-61919.13;Transfer;Cost of Goods Sold
2024-05-01;2024-05-01;REF5847;Mason Miller;DE4172431589140685843;985.38;-60933.75;Withdrawal;Cost of Goods Sold
2024-05-02;2024-05-02;INV8118;Cobalt Solutions;DE3145917995920697483;1748.64;-59185.11;Transfer;Administrative Expenses
2024-05-02;2024-05-02;PO3605;Synergy Technologies;DE7626146788286948833;-270.82;-59455.93;Withdrawal;Cost of Goods Sold
2024-05-02;2024-05-02;INV7908;Crescent Technologies;DE1860197269680432003;428.88;-59027.05;Transfer;Administrative Expenses
2024-05-03;2024-05-03;REF6118;Ethan Moore;DE5143222138124291040;819.47;-58207.58;Withdrawal;Research and Development
2024-05-03;2024-05-03;REF1797;Mason Miller;DE4172431589140685843;-898.92;-59106.5;Payment;Revenue
2024-05-03;2024-05-03;PO4937;Sierra Industries;DE3390620094997185945;-3100.81;-62207.31;Payment;Revenue
2024-05-04;2024-05-04;INV1235;Crystal Ventures;DE5383706197956849164;2592.01;-59615.3;Transfer;Administrative Expenses
2024-05-05;2024-05-05;PO1130;Synergy Technologies;DE7626146788286948833;-8455.92;-68071.22;Transfer;Administrative Expenses
2024-05-05;2024-05-05;REF6549;Jackson Jones;DE6798178739033726258;81.15;-67990.07;Transfer;Cost of Goods Sold
2024-05-05;2024-05-05;TAX7594;Federal Tax Authority;DE6618241879776128855;-4508.85;-72498.92;Transfer;Interest Expense
2024-05-05;2024-05-05;PO3950;Summit Enterprises;DE9280954483357112007;-8301.86;-80800.78;Transfer;Research and Development
2024-05-05;2024-05-05;TAX7653;Federal Revenue Service;DE4267818305575542483;-3542.57;-84343.35;Transfer;Interest Expense
2024-05-05;2024-05-05;REF6597;Ava Davis;DE2434045291625091977;-578.75;-84922.1;Withdrawal;Cost of Goods Sold
2024-05-06;2024-05-06;INV5754;Circuit Innovations;DE2011334758886620566;14181.32;-70740.78;Payment;Revenue
2024-05-06;2024-05-06;INV5390;Cobalt Solutions;DE3145917995920697483;2321.77;-68419.01;Transfer;Interest Expense
2024-05-06;2024-05-06;INV9586;Charlotte Taylor;DE3318885925221042601;7845.99;-60573.02;Transfer;Administrative Expenses
2024-05-07;2024-05-07;REF4697;Ethan Moore;DE5143222138124291040;551.39;-60021.63;Payment;Revenue
2024-05-07;2024-05-07;TAX3131;Federal Tax Authority;DE6618241879776128855;-849.89;-60871.52;Transfer;Taxes
2024-05-07;2024-05-07;REF8500;Ethan Moore;DE5143222138124291040;-633.79;-61505.31;Withdrawal;Research and Development
2024-05-07;2024-05-07;REF6530;Jackson Jones;DE6798178739033726258;142.17;-61363.14;Transfer;Research and Development
2024-05-07;2024-05-07;INV8260;Cobalt Solutions;DE3145917995920697483;12122.25;-49240.89;Transfer;Revenue
2024-05-07;2024-05-08;REF9758;Olivia Johnson;DE3875075356094878438;-767.63;-50008.52;Withdrawal;Taxes
2024-05-07;2024-05-07;REF3725;Mason Miller;DE4172431589140685843;294.0;-49714.52;Transfer;Research and Development
2024-05-08;2024-05-08;INV2998;Crescent Technologies;DE1860197269680432003;14619.23;-35095.29;Transfer;Marketing
2024-05-08;2024-05-08;PO5496;Synergy Technologies;DE7626146788286948833;-8749.55;-43844.84;Withdrawal;Interest Expense
2024-05-08;2024-05-09;TAX9123;Federal Tax Authority;DE6618241879776128855;-2090.35;-45935.19;Transfer;Marketing
2024-05-09;2024-05-09;TAX3463;Federal Revenue Service;DE4267818305575542483;-3366.53;-49301.72;Transfer;Administrative Expenses
2024-05-11;2024-05-11;INV7550;Cobalt Solutions;DE3145917995920697483;8540.28;-40761.44;Transfer;Interest Expense
2024-05-11;2024-05-11;REF6968;Tom Williams;DE5617091973383039115;-82.5;-40843.94;Withdrawal;Marketing
2024-05-12;2024-05-13;REF8220;Ethan Moore;DE5143222138124291040;253.67;-40590.27;Transfer;Taxes
2024-05-12;2024-05-12;PO3999;Synergy Technologies;DE7626146788286948833;-540.24;-41130.51;Withdrawal;Taxes
2024-05-12;2024-05-13;REF1764;Mason Miller;DE4172431589140685843;540.19;-40590.32;Withdrawal;Administrative Expenses
2024-05-13;2024-05-13;REF8944;Liam Brown;DE2287010195568088798;-638.38;-41228.7;Transfer;Administrative Expenses
2024-05-13;2024-05-13;INV2929;Charlotte Taylor;DE3318885925221042601;7063.34;-34165.36;Transfer;Marketing
2024-05-14;2024-05-15;INV3248;Crescent Technologies;DE1860197269680432003;5690.05;-28475.31;Transfer;Administrative Expenses
2024-05-14;2024-05-15;REF8031;Liam Brown;DE2287010195568088798;-603.18;-29078.49;Transfer;Interest Expense
2024-05-14;2024-05-14;PO3848;Summit Enterprises;DE9280954483357112007;-6237.17;-35315.66;Withdrawal;Marketing
2024-05-15;2024-05-15;TAX7449;Federal Tax Authority;DE6618241879776128855;-3934.43;-39250.09;Transfer;Interest Expense
2024-05-15;2024-05-15;REF9619;Ethan Moore;DE5143222138124291040;-772.7;-40022.79;Transfer;Marketing
2024-05-15;2024-05-15;TAX7937;Federal Tax Authority;DE6618241879776128855;-117.09;-40139.88;Transfer;Interest Expense
2024-05-16;2024-05-16;PO7259;Sierra Industries;DE3390620094997185945;-8699.31;-48839.19;Transfer;Research and Development
2024-05-16;2024-05-16;INV9899;Cobalt Solutions;DE3145917995920697483;7057.5;-41781.69;Transfer;Taxes
2024-05-16;2024-05-16;REF2293;Ethan Moore;DE5143222138124291040;-138.79;-41920.48;Deposit;Revenue
2024-05-17;2024-05-17;PO1647;Sapphire Ventures;DE7225561338774758243;-1272.53;-43193.01;Transfer;Taxes
2024-05-17;2024-05-17;TAX7479;Federal Tax Authority;DE6618241879776128855;-4237.36;-47430.37;Transfer;Interest Expense
2024-05-19;2024-05-19;PO2310;Sierra Industries;DE3390620094997185945;-499.38;-47929.75;Withdrawal;Research and Development
2024-05-19;2024-05-19;REF2875;Tom Williams;DE5617091973383039115;-969.49;-48899.24;Transfer;Cost of Goods Sold
2024-05-19;2024-05-19;PO2320;Synergy Technologies;DE7626146788286948833;-8617.64;-57516.88;Transfer;Marketing
2024-05-20;2024-05-20;INV2229;Circuit Innovations;DE2011334758886620566;10071.05;-47445.83;Payment;Revenue
2024-05-20;2024-05-20;TAX1378;Federal Revenue Service;DE4267818305575542483;-139.44;-47585.27;Transfer;Interest Expense
2024-05-20;2024-05-20;PO8718;Sierra Industries;DE3390620094997185945;-2637.95;-50223.22;Withdrawal;Taxes
2024-05-21;2024-05-21;REF8450;Olivia Johnson;DE3875075356094878438;859.43;-49363.79;Transfer;Administrative Expenses
2024-05-21;2024-05-21;PO5636;Silverstone Solutions;DE1005274807899939805;-204.7;-49568.49;Transfer;Administrative Expenses
2024-05-21;2024-05-21;PO7628;Sapphire Ventures;DE7225561338774758243;-6084.84;-55653.33;Transfer;Cost of Goods Sold
2024-05-21;2024-05-21;INV9561;Crescent Technologies;DE1860197269680432003;11727.47;-43925.86;Transfer;Marketing
2024-05-21;2024-05-21;REF5668;Liam Brown;DE2287010195568088798;557.94;-43367.92;Transfer;Taxes
2024-05-22;2024-05-22;PO7548;Silverstone Solutions;DE1005274807899939805;-3211.61;-46579.53;Payment;Revenue
2024-05-22;2024-05-22;PO3551;Synergy Technologies;DE7626146788286948833;-524.15;-47103.68;Transfer;Interest Expense
2024-05-22;2024-05-22;PO7914;Sapphire Ventures;DE7225561338774758243;-9257.15;-56360.83;Withdrawal;Marketing
2024-05-22;2024-05-22;REF3664;Mason Miller;DE4172431589140685843;-259.64;-56620.47;Deposit;Revenue
2024-05-22;2024-05-22;PO5603;Sapphire Ventures;DE7225561338774758243;-7250.58;-63871.05;Withdrawal;Cost of Goods Sold
2024-05-23;2024-05-24;PO3406;Sapphire Ventures;DE7225561338774758243;-3004.05;-66875.1;Withdrawal;Taxes
2024-05-23;2024-05-23;REF5635;Ethan Moore;DE5143222138124291040;805.59;-66069.51;Withdrawal;Interest Expense
2024-05-23;2024-05-23;REF4137;Mason Miller;DE4172431589140685843;-820.07;-66889.58;Withdrawal;Taxes
2024-05-23;2024-05-23;REF6302;James Smith;DE5075213287439027999;958.0;-65931.58;Withdrawal;Marketing
2024-05-23;2024-05-23;PO1539;Summit Enterprises;DE9280954483357112007;-8208.25;-74139.83;Withdrawal;Cost of Goods Sold
2024-05-24;2024-05-24;INV8911;Cobalt Solutions;DE3145917995920697483;1945.16;-72194.67;Transfer;Cost of Goods Sold
2024-05-25;2024-05-25;TAX9901;Federal Tax Authority;DE6618241879776128855;-2430.84;-74625.51;Transfer;Taxes
2024-05-25;2024-05-25;PO8878;Sapphire Ventures;DE7225561338774758243;-9281.32;-83906.83;Transfer;Interest Expense
2024-05-26;2024-05-26;INV8060;Cosmos Enterprises;DE4713525880837132271;2017.68;-81889.15;Payment;Revenue
2024-05-26;2024-05-26;PO1175;Sierra Industries;DE3390620094997185945;-387.96;-82277.11;Withdrawal;Taxes
2024-05-26;2024-05-26;PO2650;Sapphire Ventures;DE7225561338774758243;-5695.23;-87972.34;Withdrawal;Research and Development
2024-05-27;2024-05-27;TAX9899;Federal Revenue Service;DE4267818305575542483;-3139.5;-91111.84;Transfer;Taxes
2024-05-27;2024-05-27;TAX6603;Federal Revenue Service;DE4267818305575542483;-4627.46;-95739.3;Transfer;Marketing
2024-05-28;2024-05-28;REF1997;Ava Davis;DE2434045291625091977;-757.11;-96496.41;Transfer;Interest Expense
2024-05-28;2024-05-29;REF7396;Tom Williams;DE5617091973383039115;406.55;-96089.86;Transfer;Taxes
2024-05-29;2024-05-29;PO9165;Silverstone Solutions;DE1005274807899939805;-2681.81;-98771.67;Transfer;Cost of Goods Sold
2024-05-29;2024-05-29;INV7703;Cobalt Solutions;DE3145917995920697483;10097.94;-88673.73;Transfer;Interest Expense
2024-06-01;2024-06-01;TAX7113;Federal Tax Authority;DE6618241879776128855;-308.78;-88982.51;Transfer;Research and Development
2024-06-01;2024-06-01;INV8424;Crescent Technologies;DE1860197269680432003;5091.31;-83891.2;Transfer;Taxes
2024-06-01;2024-06-01;PO9022;Summit Enterprises;DE9280954483357112007;-1356.05;-85247.25;Withdrawal;Interest Expense
2024-06-02;2024-06-02;TAX7691;Federal Revenue Service;DE4267818305575542483;-3401.7;-88648.95;Transfer;Research and Development
2024-06-02;2024-06-02;TAX5989;Federal Revenue Service;DE4267818305575542483;-499.34;-89148.29;Transfer;Interest Expense
2024-06-02;2024-06-02;REF9788;James Smith;DE5075213287439027999;623.09;-88525.2;Transfer;Marketing
2024-06-03;2024-06-03;INV1227;Crystal Ventures;DE5383706197956849164;2870.12;-85655.08;Transfer;Interest Expense
2024-06-03;2024-06-03;REF7559;Mason Miller;DE4172431589140685843;-840.47;-86495.55;Withdrawal;Research and Development
2024-06-03;2024-06-03;REF2077;Ethan Moore;DE5143222138124291040;-796.34;-87291.89;Transfer;Research and Development
2024-06-03;2024-06-03;INV9524;Cosmos Enterprises;DE4713525880837132271;4056.96;-83234.93;Transfer;Marketing
2024-06-03;2024-06-03;REF7878;Liam Brown;DE2287010195568088798;277.9;-82957.03;Payment;Revenue
2024-06-04;2024-06-04;REF8558;Jackson Jones;DE6798178739033726258;-667.03;-83624.06;Withdrawal;Interest Expense
2024-06-04;2024-06-04;INV2374;Charlotte Taylor;DE3318885925221042601;12695.71;-70928.35;Transfer;Taxes
2024-06-04;2024-06-04;PO2809;Silverstone Solutions;DE1005274807899939805;-2687.46;-73615.81;Withdrawal;Marketing
2024-06-04;2024-06-04;PO3233;Silverstone Solutions;DE1005274807899939805;-6564.59;-80180.4;Withdrawal;Interest Expense
2024-06-06;2024-06-07;TAX3772;Federal Revenue Service;DE4267818305575542483;-4711.32;-84891.72;Transfer;Cost of Goods Sold
2024-06-06;2024-06-06;PO4610;Sapphire Ventures;DE7225561338774758243;-5544.73;-90436.45;Transfer;Administrative Expenses
2024-06-06;2024-06-06;REF2290;Liam Brown;DE2287010195568088798;-828.69;-91265.14;Payment;Revenue
2024-06-07;2024-06-08;TAX7421;Federal Revenue Service;DE4267818305575542483;-4368.14;-95633.28;Transfer;Administrative Expenses
2024-06-07;2024-06-07;PO8145;Synergy Technologies;DE7626146788286948833;-5784.03;-101417.31;Transfer;Cost of Goods Sold
2024-06-08;2024-06-08;TAX3523;Federal Tax Authority;DE6618241879776128855;-845.75;-102263.06;Transfer;Cost of Goods Sold
2024-06-08;2024-06-08;PO3385;Synergy Technologies;DE7626146788286948833;-8527.38;-110790.44;Withdrawal;Interest Expense
2024-06-08;2024-06-08;PO8483;Synergy Technologies;DE7626146788286948833;-9920.39;-120710.83;Transfer;Administrative Expenses
2024-06-09;2024-06-09;INV3639;Charlotte Taylor;DE3318885925221042601;2705.3;-118005.53;Transfer;Cost of Goods Sold
2024-06-09;2024-06-09;REF3500;Mason Miller;DE4172431589140685843;373.64;-117631.89;Payment;Revenue
2024-06-09;2024-06-09;PO7626;Summit Enterprises;DE9280954483357112007;-2912.11;-120544.0;Withdrawal;Marketing
2024-06-09;2024-06-09;TAX9598;Federal Revenue Service;DE4267818305575542483;-1239.11;-121783.11;Transfer;Interest Expense
2024-06-09;2024-06-10;INV9734;Charlotte Taylor;DE3318885925221042601;5141.48;-116641.63;Payment;Revenue
2024-06-10;2024-06-10;REF6483;Olivia Johnson;DE3875075356094878438;-836.38;-117478.01;Transfer;Interest Expense
2024-06-11;2024-06-11;REF7325;Isabella Wilson;DE1610482117117913758;976.83;-116501.18;Deposit;Revenue
2024-06-11;2024-06-11;INV5266;Charlotte Taylor;DE3318885925221042601;5551.39;-110949.79;Transfer;Research and Development
2024-06-12;2024-06-12;INV7108;Cobalt Solutions;DE3145917995920697483;1799.82;-109149.97;Transfer;Cost of Goods Sold
2024-06-13;2024-06-13;REF5843;Ava Davis;DE2434045291625091977;-387.01;-109536.98;Payment;Revenue
2024-06-14;2024-06-14;INV1849;Cosmos Enterprises;DE4713525880837132271;3046.37;-106490.61;Transfer;Marketing
2024-06-15;2024-06-15;PO2391;Summit Enterprises;DE9280954483357112007;-1175.41;-107666.02;Transfer;Cost of Goods Sold
2024-06-15;2024-06-15;REF6813;Olivia Johnson;DE3875075356094878438;595.66;-107070.36;Withdrawal;Marketing
2024-06-16;2024-06-16;TAX4105;Federal Tax Authority;DE6618241879776128855;-1939.1;-109009.46;Transfer;Marketing
2024-06-16;2024-06-16;REF3440;Liam Brown;DE2287010195568088798;827.51;-108181.95;Transfer;Marketing
2024-06-16;2024-06-17;REF3662;Ava Davis;DE2434045291625091977;-214.09;-108396.04;Withdrawal;Interest Expense
2024-06-16;2024-06-16;TAX2083;Federal Tax Authority;DE6618241879776128855;-3480.17;-111876.21;Transfer;Interest Expense
2024-06-17;2024-06-17;TAX2584;Federal Tax Authority;DE6618241879776128855;-4863.42;-116739.63;Transfer;Taxes
2024-06-17;2024-06-17;PO7226;Synergy Technologies;DE7626146788286948833;-468.15;-117207.78;Payment;Revenue
2024-06-17;2024-06-17;TAX5496;Federal Revenue Service;DE4267818305575542483;-4065.85;-121273.63;Transfer;Taxes
2024-06-18;2024-06-18;PO8751;Sapphire Ventures;DE7225561338774758243;-2840.59;-124114.22;Withdrawal;Taxes
2024-06-19;2024-06-19;PO1477;Summit Enterprises;DE9280954483357112007;-1687.89;-125802.11;Transfer;Administrative Expenses
2024-06-19;2024-06-19;TAX8074;Federal Tax Authority;DE6618241879776128855;-200.51;-126002.62;Transfer;Interest Expense
2024-06-19;2024-06-19;INV4362;Crystal Ventures;DE5383706197956849164;1038.47;-124964.15;Transfer;Research and Development
2024-06-20;2024-06-20;REF7824;Ethan Moore;DE5143222138124291040;860.49;-124103.66;Transfer;Taxes
2024-06-21;2024-06-21;TAX7586;Federal Revenue Service;DE4267818305575542483;-3411.25;-127514.91;Transfer;Administrative Expenses
2024-06-21;2024-06-21;PO3147;Sapphire Ventures;DE7225561338774758243;-4033.51;-131548.42;Transfer;Cost of Goods Sold
2024-06-21;2024-06-21;INV9353;Circuit Innovations;DE2011334758886620566;6411.82;-125136.6;Transfer;Administrative Expenses
2024-06-21;2024-06-21;PO9721;Silverstone Solutions;DE1005274807899939805;-5106.43;-130243.03;Payment;Revenue
2024-06-21;2024-06-21;REF5558;Isabella Wilson;DE1610482117117913758;504.02;-129739.01;Payment;Revenue
2024-06-22;2024-06-23;TAX9753;Federal Tax Authority;DE6618241879776128855;-872.21;-130611.22;Transfer;Cost of Goods Sold
2024-06-22;2024-06-22;REF7815;Isabella Wilson;DE1610482117117913758;459.23;-130151.99;Withdrawal;Research and Development
2024-06-23;2024-06-23;REF1383;James Smith;DE5075213287439027999;-944.22;-131096.21;Withdrawal;Administrative Expenses
2024-06-23;2024-06-24;PO5377;Silverstone Solutions;DE1005274807899939805;-1802.71;-132898.92;Withdrawal;Taxes
2024-06-23;2024-06-23;PO8063;Summit Enterprises;DE9280954483357112007;-2164.7;-135063.62;Withdrawal;Interest Expense
2024-06-23;2024-06-23;PO7499;Sapphire Ventures;DE7225561338774758243;-320.48;-135384.1;Withdrawal;Cost of Goods Sold
2024-06-23;2024-06-24;PO4145;Sierra Industries;DE3390620094997185945;-7736.83;-143120.93;Transfer;Cost of Goods Sold
2024-06-24;2024-06-24;TAX5325;Federal Tax Authority;DE6618241879776128855;-2523.5;-145644.43;Transfer;Taxes
2024-06-24;2024-06-24;REF3835;Liam Brown;DE2287010195568088798;325.22;-145319.21;Transfer;Interest Expense
2024-06-24;2024-06-24;REF7499;Olivia Johnson;DE3875075356094878438;-924.45;-146243.66;Withdrawal;Cost of Goods Sold
2024-06-24;2024-06-24;INV5999;Cosmos Enterprises;DE4713525880837132271;6756.42;-139487.24;Transfer;Administrative Expenses
2024-06-25;2024-06-26;INV5758;Crystal Ventures;DE5383706197956849164;640.58;-138846.66;Transfer;Administrative Expenses
2024-06-25;2024-06-25;PO9629;Silverstone Solutions;DE1005274807899939805;-1712.7;-140559.36;Withdrawal;Taxes
2024-06-26;2024-06-27;REF2453;James Smith;DE5075213287439027999;643.32;-139916.04;Withdrawal;Research and Development
2024-06-26;2024-06-26;TAX3863;Federal Revenue Service;DE4267818305575542483;-2759.74;-142675.78;Transfer;Interest Expense
2024-06-27;2024-06-27;REF3277;Mason Miller;DE4172431589140685843;634.08;-142041.7;Withdrawal;Administrative Expenses
2024-06-28;2024-06-28;PO2600;Summit Enterprises;DE9280954483357112007;-5749.36;-147791.06;Withdrawal;Research and Development
2024-06-28;2024-06-28;REF5056;Liam Brown;DE2287010195568088798;-530.76;-148321.82;Withdrawal;Interest Expense
2024-06-28;2024-06-28;REF2882;Mason Miller;DE4172431589140685843;525.21;-147796.61;Deposit;Revenue
2024-06-28;2024-06-28;REF7587;James Smith;DE5075213287439027999;-290.94;-148087.55;Transfer;Marketing
2024-06-29;2024-06-29;REF6023;Tom Williams;DE5617091973383039115;-497.19;-148584.74;Transfer;Interest Expense
2024-06-29;2024-06-29;PO7929;Silverstone Solutions;DE1005274807899939805;-7231.32;-155816.06;Transfer;Administrative Expenses
2024-06-30;2024-06-30;REF7721;Ethan Moore;DE5143222138124291040;-77.43;-155893.49;Transfer;Taxes
2024-06-30;2024-07-01;TAX1745;Federal Revenue Service;DE4267818305575542483;-4973.73;-160867.22;Transfer;Administrative Expenses
2024-07-01;2024-07-01;REF4950;Mason Miller;DE4172431589140685843;465.88;-160401.34;Transfer;Taxes
2024-07-02;2024-07-02;INV9721;Circuit Innovations;DE2011334758886620566;3250.34;-157151.0;Transfer;Taxes
2024-07-02;2024-07-03;PO3236;Sierra Industries;DE3390620094997185945;-8050.67;-165201.67;Withdrawal;Interest Expense
2024-07-02;2024-07-02;REF2813;Olivia Johnson;DE3875075356094878438;-620.87;-165822.54;Transfer;Cost of Goods Sold
2024-07-02;2024-07-02;PO4796;Sierra Industries;DE3390620094997185945;-9372.02;-175194.56;Withdrawal;Administrative Expenses
2024-07-03;2024-07-04;INV7505;Charlotte Taylor;DE3318885925221042601;12.93;-175181.63;Transfer;Administrative Expenses
2024-07-04;2024-07-04;TAX1462;Federal Revenue Service;DE4267818305575542483;-1582.39;-176764.02;Transfer;Administrative Expenses
2024-07-05;2024-07-05;REF8277;Liam Brown;DE2287010195568088798;221.19;-176542.83;Payment;Revenue
2024-07-05;2024-07-05;INV2587;Cosmos Enterprises;DE4713525880837132271;10037.52;-166505.31;Transfer;Administrative Expenses
2024-07-06;2024-07-06;REF6644;Ava Davis;DE2434045291625091977;187.75;-166317.56;Transfer;Taxes
2024-07-06;2024-07-06;INV1214;Cobalt Solutions;DE3145917995920697483;13953.86;-152363.7;Transfer;Interest Expense
2024-07-07;2024-07-07;PO7503;Silverstone Solutions;DE1005274807899939805;-3652.26;-156015.96;Transfer;Interest Expense
2024-07-08;2024-07-08;INV9900;Charlotte Taylor;DE3318885925221042601;10556.06;-145459.9;Transfer;Interest Expense
2024-07-08;2024-07-08;PO8028;Silverstone Solutions;DE1005274807899939805;-7707.43;-153167.33;Withdrawal;Research and Development
2024-07-08;2024-07-08;REF4056;Mason Miller;DE4172431589140685843;-108.45;-153275.78;Withdrawal;Research and Development
2024-07-08;2024-07-08;TAX6590;Federal Tax Authority;DE6618241879776128855;-4938.0;-158213.78;Transfer;Taxes
2024-07-09;2024-07-09;REF2934;Tom Williams;DE5617091973383039115;542.86;-157670.92;Transfer;Administrative Expenses
2024-07-09;2024-07-09;REF5968;Mason Miller;DE4172431589140685843;-412.04;-158082.96;Transfer;Taxes
2024-07-09;2024-07-09;TAX3711;Federal Tax Authority;DE6618241879776128855;-4746.24;-162829.2;Transfer;Interest Expense
2024-07-09;2024-07-09;INV3255;Cobalt Solutions;DE3145917995920697483;7946.6;-154882.6;Payment;Revenue
2024-07-09;2024-07-10;REF7697;Isabella Wilson;DE1610482117117913758;548.93;-154333.67;Transfer;Taxes
2024-07-09;2024-07-09;REF5422;Olivia Johnson;DE3875075356094878438;-783.2;-155116.87;Transfer;Administrative Expenses
2024-07-10;2024-07-10;INV4244;Crystal Ventures;DE5383706197956849164;7302.2;-147814.67;Transfer;Marketing
2024-07-10;2024-07-10;INV6300;Cosmos Enterprises;DE4713525880837132271;2315.09;-145499.58;Transfer;Marketing
2024-07-10;2024-07-11;INV1479;Cosmos Enterprises;DE4713525880837132271;3367.98;-142131.6;Transfer;Cost of Goods Sold
2024-07-10;2024-07-10;TAX9199;Federal Revenue Service;DE4267818305575542483;-4261.35;-146392.95;Transfer;Marketing
2024-07-12;2024-07-12;REF5660;Mason Miller;DE4172431589140685843;-359.03;-146751.98;Transfer;Research and Development
2024-07-12;2024-07-12;REF3086;Jackson Jones;DE6798178739033726258;-644.58;-147396.56;Transfer;Interest Expense
2024-07-12;2024-07-12;REF5329;Tom Williams;DE5617091973383039115;-739.87;-148136.43;Withdrawal;Cost of Goods Sold
2024-07-12;2024-07-12;REF1866;Tom Williams;DE5617091973383039115;836.88;-147299.55;Withdrawal;Taxes
2024-07-12;2024-07-12;REF6925;Jackson Jones;DE6798178739033726258;154.7;-147144.85;Transfer;Revenue
2024-07-13;2024-07-13;TAX6886;Federal Tax Authority;DE6618241879776128855;-3488.73;-150633.58;Transfer;Research and Development
2024-07-14;2024-07-14;REF7554;James Smith;DE5075213287439027999;-87.86;-150721.44;Withdrawal;Taxes
2024-07-14;2024-07-14;PO8159;Synergy Technologies;DE7626146788286948833;-1923.61;-152645.05;Transfer;Administrative Expenses
2024-07-14;2024-07-14;INV3340;Crystal Ventures;DE5383706197956849164;1035.49;-151609.56;Transfer;Research and Development
2024-07-14;2024-07-14;REF9153;Liam Brown;DE2287010195568088798;825.66;-150783.9;Deposit;Revenue
2024-07-15;2024-07-16;REF9536;Isabella Wilson;DE1610482117117913758;-427.06;-151210.96;Transfer;Taxes
2024-07-15;2024-07-16;REF2565;James Smith;DE5075213287439027999;-212.9;-151423.86;Transfer;Cost of Goods Sold
2024-07-16;2024-07-16;REF5769;Liam Brown;DE2287010195568088798;319.14;-151104.72;Transfer;Marketing
2024-07-16;2024-07-16;REF3345;Olivia Johnson;DE3875075356094878438;739.72;-150365.0;Transfer;Cost of Goods Sold
2024-07-16;2024-07-17;REF4678;Mason Miller;DE4172431589140685843;-943.62;-151308.62;Transfer;Taxes
2024-07-16;2024-07-16;INV1188;Charlotte Taylor;DE3318885925221042601;10207.45;-141101.17;Transfer;Interest Expense
2024-07-16;2024-07-16;REF9129;James Smith;DE5075213287439027999;384.14;-140717.03;Withdrawal;Interest Expense
2024-07-16;2024-07-16;REF9638;Olivia Johnson;DE3875075356094878438;-565.07;-141282.1;Withdrawal;Taxes
2024-07-17;2024-07-17;TAX1807;Federal Tax Authority;DE6618241879776128855;-4069.73;-145351.83;Transfer;Marketing
2024-07-17;2024-07-17;TAX6901;Federal Revenue Service;DE4267818305575542483;-765.02;-146116.85;Transfer;Administrative Expenses
2024-07-17;2024-07-17;PO2871;Summit Enterprises;DE9280954483357112007;-6524.23;-152641.08;Withdrawal;Interest Expense
2024-07-17;2024-07-17;TAX9850;Federal Revenue Service;DE4267818305575542483;-2946.28;-155587.36;Transfer;Marketing
2024-07-18;2024-07-18;INV7338;Circuit Innovations;DE2011334758886620566;14715.78;-140871.58;Payment;Revenue
2024-07-18;2024-07-18;INV9001;Cosmos Enterprises;DE4713525880837132271;1509.85;-139361.73;Transfer;Administrative Expenses
2024-07-19;2024-07-19;TAX1183;Federal Revenue Service;DE4267818305575542483;-1680.82;-141042.55;Transfer;Marketing
2024-07-19;2024-07-19;TAX3608;Federal Revenue Service;DE4267818305575542483;-143.79;-141186.34;Transfer;Administrative Expenses
2024-07-21;2024-07-21;TAX2392;Federal Revenue Service;DE4267818305575542483;-4415.83;-145602.17;Transfer;Marketing
2024-07-21;2024-07-21;REF9589;Olivia Johnson;DE3875075356094878438;-507.51;-146109.68;Transfer;Administrative Expenses
2024-07-21;2024-07-21;TAX7385;Federal Tax Authority;DE6618241879776128855;-940.71;-147050.39;Transfer;Administrative Expenses
2024-07-21;2024-07-21;REF4630;Ava Davis;DE2434045291625091977;-333.86;-147384.25;Deposit;Revenue
2024-07-22;2024-07-22;INV4913;Crescent Technologies;DE1860197269680432003;12721.25;-134663.0;Transfer;Taxes
2024-07-22;2024-07-22;REF7056;Ethan Moore;DE5143222138124291040;-227.77;-134890.77;Transfer;Administrative Expenses
2024-07-23;2024-07-23;REF7642;Isabella Wilson;DE1610482117117913758;172.16;-134718.61;Transfer;Interest Expense
2024-07-23;2024-07-23;REF5138;Liam Brown;DE2287010195568088798;446.74;-134271.87;Withdrawal;Research and Development
2024-07-23;2024-07-23;INV3209;Crystal Ventures;DE5383706197956849164;7219.03;-127052.84;Transfer;Marketing
2024-07-24;2024-07-24;REF7427;Liam Brown;DE2287010195568088798;-632.61;-127685.45;Transfer;Taxes
2024-07-24;2024-07-24;PO1381;Sierra Industries;DE3390620094997185945;-6603.83;-134289.28;Transfer;Marketing
2024-07-24;2024-07-24;REF6140;Jackson Jones;DE6798178739033726258;151.62;-134137.66;Transfer;Cost of Goods Sold
2024-07-25;2024-07-25;PO9996;Synergy Technologies;DE7626146788286948833;-9998.3;-144135.96;Transfer;Taxes
2024-07-25;2024-07-25;REF1838;Isabella Wilson;DE1610482117117913758;140.56;-143995.4;Deposit;Revenue
2024-07-26;2024-07-26;PO8798;Synergy Technologies;DE7626146788286948833;-9439.41;-153434.81;Transfer;Interest Expense
2024-07-26;2024-07-26;REF8976;Mason Miller;DE4172431589140685843;585.31;-152849.5;Transfer;Research and Development
2024-07-26;2024-07-26;REF4849;James Smith;DE5075213287439027999;683.44;-152166.06;Withdrawal;Interest Expense
2024-07-26;2024-07-26;PO5093;Synergy Technologies;DE7626146788286948833;-9053.69;-161219.75;Transfer;Taxes
2024-07-26;2024-07-27;REF7113;Isabella Wilson;DE1610482117117913758;-231.93;-161451.68;Withdrawal;Taxes
2024-07-26;2024-07-26;PO7232;Sapphire Ventures;DE7225561338774758243;-2805.19;-164256.87;Withdrawal;Interest Expense
2024-07-27;2024-07-27;TAX7626;Federal Tax Authority;DE6618241879776128855;-2878.18;-167135.05;Transfer;Marketing
2024-07-28;2024-07-28;PO6194;Sierra Industries;DE3390620094997185945;-7272.54;-174407.59;Transfer;Cost of Goods Sold
2024-07-28;2024-07-28;TAX2713;Federal Revenue Service;DE4267818305575542483;-797.11;-175204.7;Transfer;Marketing
2024-07-28;2024-07-28;INV3053;Cobalt Solutions;DE3145917995920697483;14585.97;-160618.73;Transfer;Marketing
2024-07-28;2024-07-28;INV9980;Circuit Innovations;DE2011334758886620566;7450.36;-153168.37;Transfer;Interest Expense
2024-07-28;2024-07-28;PO5346;Synergy Technologies;DE7626146788286948833;-3400.63;-156569.0;Withdrawal;Administrative Expenses
2024-07-29;2024-07-29;INV3095;Circuit Innovations;DE2011334758886620566;8606.56;-147962.44;Transfer;Cost of Goods Sold
2024-07-29;2024-07-29;PO7977;Synergy Technologies;DE7626146788286948833;-4773.53;-152735.97;Withdrawal;Cost of Goods Sold
2024-07-30;2024-07-31;PO9776;Silverstone Solutions;DE1005274807899939805;-9902.87;-162638.84;Withdrawal;Administrative Expenses
2024-07-30;2024-07-30;TAX4323;Federal Revenue Service;DE4267818305575542483;-1286.89;-163925.73;Transfer;Cost of Goods Sold
2024-07-30;2024-07-30;TAX2250;Federal Tax Authority;DE6618241879776128855;-3969.55;-167895.28;Transfer;Marketing
2024-07-31;2024-07-31;PO9806;Sierra Industries;DE3390620094997185945;-1988.07;-169883.35;Transfer;Taxes
2024-07-31;2024-07-31;INV9837;Crystal Ventures;DE5383706197956849164;13148.14;-156735.21;Payment;Revenue
2024-07-31;2024-07-31;PO4993;Sierra Industries;DE3390620094997185945;-5436.7;-162171.91;Transfer;Marketing
2024-08-01;2024-08-01;INV2909;Cobalt Solutions;DE3145917995920697483;12284.48;-149887.43;Transfer;Marketing
2024-08-02;2024-08-02;REF7723;Olivia Johnson;DE3875075356094878438;3.64;-149883.79;Payment;Revenue
2024-08-02;2024-08-02;REF6981;Mason Miller;DE4172431589140685843;708.65;-149175.14;Withdrawal;Research and Development
2024-08-02;2024-08-02;REF4144;Liam Brown;DE2287010195568088798;-764.98;-149940.12;Transfer;Research and Development
2024-08-02;2024-08-02;REF1798;Mason Miller;DE4172431589140685843;-420.29;-150360.41;Transfer;Research and Development
2024-08-03;2024-08-03;PO6353;Synergy Technologies;DE7626146788286948833;-5471.92;-155832.33;Transfer;Taxes
2024-08-03;2024-08-04;INV5103;Circuit Innovations;DE2011334758886620566;1725.96;-154106.37;Transfer;Marketing
2024-08-04;2024-08-04;PO4053;Sapphire Ventures;DE7225561338774758243;-5663.28;-159769.65;Withdrawal;Cost of Goods Sold
2024-08-04;2024-08-04;REF7412;Mason Miller;DE4172431589140685843;-217.87;-159987.52;Withdrawal;Marketing
2024-08-04;2024-08-04;INV3627;Cosmos Enterprises;DE4713525880837132271;10480.25;-149507.27;Transfer;Administrative Expenses
2024-08-04;2024-08-04;INV9279;Cobalt Solutions;DE3145917995920697483;9034.26;-140473.01;Transfer;Interest Expense
2024-08-04;2024-08-04;TAX8133;Federal Revenue Service;DE4267818305575542483;-4010.6;-144483.61;Transfer;Taxes
2024-08-05;2024-08-05;REF7677;Liam Brown;DE2287010195568088798;-774.31;-145257.92;Withdrawal;Cost of Goods Sold
2024-08-05;2024-08-05;PO9161;Summit Enterprises;DE9280954483357112007;-1540.43;-146798.35;Transfer;Interest Expense
2024-08-06;2024-08-06;PO8304;Sapphire Ventures;DE7225561338774758243;-3843.01;-150641.36;Withdrawal;Marketing
2024-08-06;2024-08-06;TAX8869;Federal Revenue Service;DE4267818305575542483;-4021.59;-154662.95;Transfer;Cost of Goods Sold
2024-08-06;2024-08-06;PO7565;Summit Enterprises;DE9280954483357112007;-4075.17;-158738.12;Transfer;Research and Development
2024-08-07;2024-08-07;PO5399;Sierra Industries;DE3390620094997185945;-6774.58;-165512.7;Withdrawal;Marketing
2024-08-07;2024-08-07;INV5308;Cobalt Solutions;DE3145917995920697483;10687.73;-154824.97;Transfer;Marketing
2024-08-07;2024-08-07;TAX6620;Federal Revenue Service;DE4267818305575542483;-102.72;-154927.69;Transfer;Administrative Expenses
2024-08-08;2024-08-08;TAX6409;Federal Revenue Service;DE4267818305575542483;-1946.54;-156874.23;Transfer;Interest Expense
2024-08-08;2024-08-08;PO2467;Summit Enterprises;DE9280954483357112007;-8875.83;-165750.06;Withdrawal;Research and Development
2024-08-08;2024-08-08;REF6974;Jackson Jones;DE6798178739033726258;797.96;-164952.1;Transfer;Administrative Expenses
2024-08-08;2024-08-08;TAX8972;Federal Revenue Service;DE4267818305575542483;-2418.02;-167370.12;Transfer;Revenue
2024-08-09;2024-08-09;TAX5466;Federal Tax Authority;DE6618241879776128855;-3358.66;-170728.78;Transfer;Taxes
2024-08-09;2024-08-09;PO6685;Summit Enterprises;DE9280954483357112007;-7118.8;-177847.58;Transfer;Marketing
2024-08-09;2024-08-09;INV3034;Circuit Innovations;DE2011334758886620566;7776.35;-170071.23;Payment;Revenue
2024-08-10;2024-08-10;PO2535;Sierra Industries;DE3390620094997185945;-5045.35;-175116.58;Withdrawal;Administrative Expenses
2024-08-10;2024-08-10;TAX3841;Federal Revenue Service;DE4267818305575542483;-2673.13;-177789.71;Transfer;Research and Development
2024-08-11;2024-08-12;REF9349;Mason Miller;DE4172431589140685843;418.26;-177371.45;Withdrawal;Taxes
2024-08-11;2024-08-11;TAX2234;Federal Tax Authority;DE6618241879776128855;-882.14;-178253.59;Transfer;Administrative Expenses
2024-08-12;2024-08-12;INV6225;Charlotte Taylor;DE3318885925221042601;1016.94;-177236.65;Transfer;Taxes
2024-08-12;2024-08-12;PO2989;Sierra Industries;DE3390620094997185945;-9711.59;-186948.24;Payment;Revenue
2024-08-12;2024-08-12;REF7393;Isabella Wilson;DE1610482117117913758;-198.3;-187146.54;Withdrawal;Administrative Expenses
2024-08-12;2024-08-12;PO6323;Sierra Industries;DE3390620094997185945;-1340.92;-188487.46;Transfer;Marketing
2024-08-12;2024-08-12;REF1924;Olivia Johnson;DE3875075356094878438;-719.73;-189207.19;Withdrawal;Administrative Expenses
2024-08-13;2024-08-13;INV5961;Charlotte Taylor;DE3318885925221042601;11946.98;-177260.21;Transfer;Administrative Expenses
2024-08-13;2024-08-13;REF3153;Mason Miller;DE4172431589140685843;-819.73;-178079.94;Withdrawal;Marketing
2024-08-13;2024-08-13;TAX3230;Federal Tax Authority;DE6618241879776128855;-3527.87;-181607.81;Transfer;Marketing
2024-08-14;2024-08-14;INV4263;Circuit Innovations;DE2011334758886620566;6917.91;-174689.9;Transfer;Research and Development
2024-08-14;2024-08-14;TAX2243;Federal Tax Authority;DE6618241879776128855;-3240.44;-177930.34;Transfer;Administrative Expenses
2024-08-14;2024-08-14;PO7991;Silverstone Solutions;DE1005274807899939805;-1702.61;-179632.95;Payment;Revenue
2024-08-14;2024-08-14;PO8025;Summit Enterprises;DE9280954483357112007;-6949.25;-186582.2;Payment;Revenue
2024-08-14;2024-08-14;REF7786;Ethan Moore;DE5143222138124291040;-720.86;-187303.06;Transfer;Cost of Goods Sold
2024-08-15;2024-08-15;INV5749;Circuit Innovations;DE2011334758886620566;12777.06;-174526.0;Transfer;Cost of Goods Sold
2024-08-15;2024-08-15;REF7865;Ava Davis;DE2434045291625091977;-602.5;-175128.5;Withdrawal;Administrative Expenses
2024-08-15;2024-08-15;PO9192;Sierra Industries;DE3390620094997185945;-8460.76;-183589.26;Withdrawal;Research and Development
2024-08-16;2024-08-16;PO5398;Sierra Industries;DE3390620094997185945;-4375.06;-187964.32;Withdrawal;Cost of Goods Sold
2024-08-16;2024-08-17;PO9858;Sierra Industries;DE3390620094997185945;-7593.39;-195557.71;Transfer;Cost of Goods Sold
2024-08-17;2024-08-17;PO2786;Silverstone Solutions;DE1005274807899939805;-5484.47;-201042.18;Transfer;Research and Development
2024-08-17;2024-08-17;INV5820;Cobalt Solutions;DE3145917995920697483;3331.73;-197710.45;Transfer;Administrative Expenses
2024-08-18;2024-08-18;REF8250;Isabella Wilson;DE1610482117117913758;-80.69;-197791.14;Transfer;Cost of Goods Sold
2024-08-18;2024-08-19;INV8167;Crystal Ventures;DE5383706197956849164;1384.79;-196406.35;Transfer;Taxes
2024-08-18;2024-08-18;INV7797;Crescent Technologies;DE1860197269680432003;808.32;-195598.03;Payment;Revenue
2024-08-18;2024-08-18;INV4308;Charlotte Taylor;DE3318885925221042601;13239.4;-182358.63;Transfer;Administrative Expenses
2024-08-19;2024-08-19;TAX4633;Federal Revenue Service;DE4267818305575542483;-4989.23;-187347.86;Transfer;Taxes
2024-08-20;2024-08-20;REF3022;Jackson Jones;DE6798178739033726258;-893.61;-188241.47;Withdrawal;Cost of Goods Sold
2024-08-20;2024-08-21;REF1040;Ava Davis;DE2434045291625091977;737.82;-187503.65;Transfer;Interest Expense
2024-08-20;2024-08-20;PO8973;Synergy Technologies;DE7626146788286948833;-8453.58;-195957.23;Withdrawal;Administrative Expenses
2024-08-20;2024-08-20;REF5334;Liam Brown;DE2287010195568088798;575.66;-195381.57;Deposit;Revenue
2024-08-20;2024-08-20;REF3927;Tom Williams;DE5617091973383039115;15.36;-195366.21;Transfer;Taxes
2024-08-21;2024-08-21;INV9185;Circuit Innovations;DE2011334758886620566;12891.8;-182474.41;Transfer;Administrative Expenses
2024-08-22;2024-08-22;INV1152;Cobalt Solutions;DE3145917995920697483;6879.7;-175594.71;Transfer;Revenue
2024-08-22;2024-08-23;PO6927;Silverstone Solutions;DE1005274807899939805;-572.03;-176166.74;Withdrawal;Administrative Expenses
2024-08-22;2024-08-22;INV3025;Crystal Ventures;DE5383706197956849164;5250.57;-170916.17;Transfer;Taxes
2024-08-23;2024-08-23;PO1399;Summit Enterprises;DE9280954483357112007;-245.56;-171161.73;Withdrawal;Administrative Expenses
2024-08-23;2024-08-23;REF4327;Jackson Jones;DE6798178739033726258;-646.76;-171808.49;Transfer;Marketing
2024-08-24;2024-08-24;REF9239;Isabella Wilson;DE1610482117117913758;54.92;-171753.57;Deposit;Revenue
2024-08-24;2024-08-24;REF7211;Tom Williams;DE5617091973383039115;-345.29;-172098.86;Payment;Revenue
2024-08-24;2024-08-24;TAX4598;Federal Tax Authority;DE6618241879776128855;-1645.39;-173744.25;Transfer;Cost of Goods Sold
2024-08-24;2024-08-24;REF8283;Olivia Johnson;DE3875075356094878438;-981.27;-174725.52;Transfer;Taxes
2024-08-24;2024-08-24;INV5183;Charlotte Taylor;DE3318885925221042601;10005.94;-164719.58;Payment;Revenue
2024-08-25;2024-08-25;TAX7209;Federal Revenue Service;DE4267818305575542483;-3351.66;-168071.24;Transfer;Taxes
2024-08-25;2024-08-25;TAX7484;Federal Tax Authority;DE6618241879776128855;-4962.73;-173033.97;Transfer;Taxes
2024-08-25;2024-08-25;TAX2528;Federal Tax Authority;DE6618241879776128855;-331.19;-173365.16;Transfer;Cost of Goods Sold
2024-08-25;2024-08-25;REF1646;James Smith;DE5075213287439027999;704.5;-172660.66;Withdrawal;Taxes
2024-08-26;2024-08-26;INV9780;Cosmos Enterprises;DE4713525880837132271;5380.73;-167279.93;Transfer;Marketing
2024-08-26;2024-08-26;REF7883;Olivia Johnson;DE3875075356094878438;-221.05;-167500.98;Transfer;Taxes
2024-08-26;2024-08-26;REF3102;Mason Miller;DE4172431589140685843;755.92;-166745.06;Deposit;Revenue
2024-08-27;2024-08-28;INV4696;Crystal Ventures;DE5383706197956849164;12903.51;-153841.55;Payment;Revenue
2024-08-27;2024-08-27;TAX9728;Federal Tax Authority;DE6618241879776128855;-1036.23;-154877.78;Transfer;Research and Development
2024-08-28;2024-08-28;REF1068;Olivia Johnson;DE3875075356094878438;-974.33;-155852.11;Withdrawal;Research and Development
2024-08-28;2024-08-28;REF6546;Tom Williams;DE5617091973383039115;246.52;-155605.59;Payment;Revenue
2024-08-29;2024-08-30;INV1273;Cobalt Solutions;DE3145917995920697483;8814.58;-146791.01;Transfer;Administrative Expenses
2024-08-29;2024-08-29;TAX5341;Federal Revenue Service;DE4267818305575542483;-4553.43;-151344.44;Transfer;Cost of Goods Sold
2024-08-29;2024-08-29;TAX2279;Federal Revenue Service;DE4267818305575542483;-1648.04;-152992.48;Transfer;Research and Development
2024-08-30;2024-08-30;REF4707;Olivia Johnson;DE3875075356094878438;-935.54;-153928.02;Transfer;Administrative Expenses
2024-08-30;2024-08-31;TAX3837;Federal Tax Authority;DE6618241879776128855;-2054.4;-155982.42;Transfer;Cost of Goods Sold
2024-08-30;2024-08-30;PO8122;Silverstone Solutions;DE1005274807899939805;-9881.49;-165863.91;Withdrawal;Research and Development
2024-08-31;2024-08-31;REF6427;Mason Miller;DE4172431589140685843;347.61;-165516.3;Payment;Revenue
2024-08-31;2024-08-31;PO8556;Sierra Industries;DE3390620094997185945;-1550.8;-167067.1;Withdrawal;Marketing
2024-08-31;2024-08-31;INV8461;Cobalt Solutions;DE3145917995920697483;6222.47;-160844.63;Transfer;Interest Expense
2024-09-01;2024-09-01;PO4705;Summit Enterprises;DE9280954483357112007;-4810.75;-165655.38;Withdrawal;Cost of Goods Sold
2024-09-01;2024-09-01;REF9345;James Smith;DE5075213287439027999;-832.42;-166487.8;Transfer;Research and Development
2024-09-02;2024-09-02;PO2353;Sierra Industries;DE3390620094997185945;-2398.61;-168886.41;Transfer;Research and Development
2024-09-02;2024-09-02;REF2768;Ethan Moore;DE5143222138124291040;-19.46;-168905.87;Payment;Revenue
2024-09-02;2024-09-02;INV8412;Cosmos Enterprises;DE4713525880837132271;7434.32;-161471.55;Transfer;Research and Development
2024-09-03;2024-09-03;REF8799;Tom Williams;DE5617091973383039115;948.52;-160523.03;Transfer;Administrative Expenses
2024-09-03;2024-09-03;REF9066;Ava Davis;DE2434045291625091977;796.24;-159726.79;Withdrawal;Research and Development
2024-09-03;2024-09-03;REF8002;Isabella Wilson;DE1610482117117913758;708.08;-159018.71;Withdrawal;Interest Expense
2024-09-03;2024-09-03;INV1208;Crescent Technologies;DE1860197269680432003;10077.78;-148940.93;Transfer;Taxes
2024-09-04;2024-09-04;INV8889;Cosmos Enterprises;DE4713525880837132271;14426.45;-134514.48;Transfer;Cost of Goods Sold
2024-09-04;2024-09-04;INV7862;Charlotte Taylor;DE3318885925221042601;3454.15;-131060.33;Transfer;Research and Development
2024-09-04;2024-09-04;PO9903;Synergy Technologies;DE7626146788286948833;-6231.67;-137292.0;Withdrawal;Administrative Expenses
2024-09-04;2024-09-04;REF8517;Ava Davis;DE2434045291625091977;363.19;-136928.81;Transfer;Marketing
2024-09-04;2024-09-04;INV1301;Crystal Ventures;DE5383706197956849164;5655.33;-131273.48;Transfer;Administrative Expenses
2024-09-05;2024-09-05;PO6008;Sapphire Ventures;DE7225561338774758243;-3072.35;-134345.83;Transfer;Research and Development
2024-09-05;2024-09-05;PO5828;Synergy Technologies;DE7626146788286948833;-4578.09;-138923.92;Withdrawal;Administrative Expenses
2024-09-05;2024-09-05;REF8206;Tom Williams;DE5617091973383039115;-845.03;-139768.95;Withdrawal;Administrative Expenses
2024-09-05;2024-09-05;REF7624;Ava Davis;DE2434045291625091977;448.36;-139320.59;Payment;Revenue
2024-09-05;2024-09-05;INV8744;Crystal Ventures;DE5383706197956849164;3652.53;-135668.06;Payment;Revenue
2024-09-06;2024-09-06;TAX5098;Federal Revenue Service;DE4267818305575542483;-3892.13;-139560.19;Transfer;Administrative Expenses
2024-09-06;2024-09-06;REF8220;Ethan Moore;DE5143222138124291040;-908.06;-140468.25;Withdrawal;Taxes
2024-09-06;2024-09-06;PO6690;Synergy Technologies;DE7626146788286948833;-1952.8;-142421.05;Withdrawal;Taxes
2024-09-07;2024-09-07;REF6154;James Smith;DE5075213287439027999;683.97;-141737.08;Transfer;Taxes
2024-09-07;2024-09-07;PO2792;Sierra Industries;DE3390620094997185945;-9548.69;-151285.77;Transfer;Research and Development
2024-09-07;2024-09-07;REF8532;Mason Miller;DE4172431589140685843;414.62;-150871.15;Payment;Revenue
2024-09-07;2024-09-07;REF1301;James Smith;DE5075213287439027999;-306.44;-151177.59;Withdrawal;Marketing
2024-09-08;2024-09-08;INV5658;Crescent Technologies;DE1860197269680432003;7046.26;-144131.33;Payment;Revenue
2024-09-08;2024-09-08;TAX1878;Federal Tax Authority;DE6618241879776128855;-4256.54;-148387.87;Transfer;Revenue
2024-09-08;2024-09-08;PO9426;Silverstone Solutions;DE1005274807899939805;-1023.89;-149411.76;Withdrawal;Cost of Goods Sold
2024-09-08;2024-09-08;INV2213;Crystal Ventures;DE5383706197956849164;6786.12;-142625.64;Payment;Revenue
2024-09-08;2024-09-09;INV5584;Crystal Ventures;DE5383706197956849164;1404.47;-141221.17;Transfer;Taxes
2024-09-08;2024-09-09;INV8668;Cobalt Solutions;DE3145917995920697483;12017.29;-129203.88;Transfer;Administrative Expenses
2024-09-09;2024-09-09;INV3504;Circuit Innovations;DE2011334758886620566;9415.42;-119788.46;Payment;Revenue
2024-09-10;2024-09-10;REF1963;Isabella Wilson;DE1610482117117913758;962.29;-118826.17;Withdrawal;Administrative Expenses
2024-09-11;2024-09-11;REF3003;Liam Brown;DE2287010195568088798;546.38;-118279.79;Withdrawal;Marketing
2024-09-11;2024-09-11;PO6246;Sierra Industries;DE3390620094997185945;-865.84;-119145.63;Withdrawal;Marketing
2024-09-11;2024-09-11;PO4613;Sapphire Ventures;DE7225561338774758243;-9369.53;-128515.16;Transfer;Marketing
2024-09-11;2024-09-11;TAX6563;Federal Revenue Service;DE4267818305575542483;-4183.53;-132698.69;Transfer;Administrative Expenses
2024-09-12;2024-09-12;INV5643;Crystal Ventures;DE5383706197956849164;2196.6;-130502.09;Transfer;Research and Development
2024-09-13;2024-09-13;REF6830;Isabella Wilson;DE1610482117117913758;947.7;-129554.39;Transfer;Administrative Expenses
2024-09-13;2024-09-13;PO9952;Summit Enterprises;DE9280954483357112007;-8648.29;-138202.68;Withdrawal;Marketing
2024-09-13;2024-09-13;PO7012;Synergy Technologies;DE7626146788286948833;-9665.72;-147868.4;Transfer;Research and Development
2024-09-14;2024-09-14;INV4811;Crescent Technologies;DE1860197269680432003;327.99;-147540.41;Transfer;Administrative Expenses
2024-09-14;2024-09-14;PO7126;Sierra Industries;DE3390620094997185945;-8162.07;-155702.48;Withdrawal;Research and Development
2024-09-14;2024-09-14;REF8669;Ava Davis;DE2434045291625091977;-736.16;-156438.64;Withdrawal;Taxes
2024-09-14;2024-09-14;TAX8583;Federal Revenue Service;DE4267818305575542483;-4120.19;-160558.83;Transfer;Taxes
2024-09-16;2024-09-16;INV6103;Charlotte Taylor;DE3318885925221042601;2470.74;-158088.09;Transfer;Cost of Goods Sold
2024-09-16;2024-09-16;INV8404;Charlotte Taylor;DE3318885925221042601;573.73;-157514.36;Payment;Revenue
2024-09-16;2024-09-16;TAX1699;Federal Revenue Service;DE4267818305575542483;-1958.99;-159473.35;Transfer;Interest Expense
2024-09-17;2024-09-17;REF2885;Isabella Wilson;DE1610482117117913758;-461.42;-159934.77;Withdrawal;Research and Development
2024-09-17;2024-09-18;INV8858;Crystal Ventures;DE5383706197956849164;7472.1;-152462.67;Transfer;Marketing
2024-09-18;2024-09-18;PO9355;Silverstone Solutions;DE1005274807899939805;-8062.9;-160525.57;Withdrawal;Marketing
2024-09-19;2024-09-20;PO5098;Synergy Technologies;DE7626146788286948833;-3065.02;-163590.59;Withdrawal;Interest Expense
2024-09-19;2024-09-20;REF5097;Olivia Johnson;DE3875075356094878438;-654.08;-164244.67;Withdrawal;Research and Development
2024-09-19;2024-09-19;PO5240;Silverstone Solutions;DE1005274807899939805;-6968.93;-171213.6;Transfer;Administrative Expenses
2024-09-19;2024-09-19;PO8993;Sapphire Ventures;DE7225561338774758243;-7683.26;-178896.86;Transfer;Research and Development
2024-09-19;2024-09-19;INV5252;Crescent Technologies;DE1860197269680432003;2451.08;-176445.78;Transfer;Cost of Goods Sold
2024-09-19;2024-09-19;TAX3621;Federal Revenue Service;DE4267818305575542483;-331.33;-176777.11;Transfer;Taxes
2024-09-19;2024-09-19;TAX3480;Federal Tax Authority;DE6618241879776128855;-3275.85;-180052.96;Transfer;Marketing
2024-09-20;2024-09-20;REF4960;Ava Davis;DE2434045291625091977;-67.05;-180120.01;Withdrawal;Research and Development
2024-09-20;2024-09-20;REF9148;Jackson Jones;DE6798178739033726258;-953.65;-181073.66;Payment;Revenue
2024-09-21;2024-09-21;REF4681;Liam Brown;DE2287010195568088798;-871.95;-181945.61;Transfer;Research and Development
2024-09-23;2024-09-24;REF4501;Jackson Jones;DE6798178739033726258;-814.36;-182759.97;Withdrawal;Interest Expense
2024-09-23;2024-09-23;REF8511;Mason Miller;DE4172431589140685843;949.11;-181810.86;Transfer;Research and Development
2024-09-24;2024-09-24;REF3859;Liam Brown;DE2287010195568088798;221.08;-181589.78;Transfer;Research and Development
2024-09-24;2024-09-24;REF3381;Isabella Wilson;DE1610482117117913758;-893.87;-182483.65;Transfer;Cost of Goods Sold
2024-09-24;2024-09-25;REF9817;Tom Williams;DE5617091973383039115;549.28;-181934.37;Payment;Revenue
2024-09-25;2024-09-25;PO6073;Synergy Technologies;DE7626146788286948833;-919.86;-182854.23;Withdrawal;Interest Expense
2024-09-25;2024-09-25;REF3347;Ava Davis;DE2434045291625091977;538.96;-182315.27;Transfer;Taxes
2024-09-25;2024-09-25;INV3846;Crescent Technologies;DE1860197269680432003;2899.52;-179415.75;Transfer;Taxes
2024-09-26;2024-09-26;INV9096;Charlotte Taylor;DE3318885925221042601;1786.5;-177629.25;Transfer;Cost of Goods Sold
2024-09-26;2024-09-27;REF8617;Tom Williams;DE5617091973383039115;33.9;-177595.35;Transfer;Cost of Goods Sold
2024-09-26;2024-09-26;PO2375;Silverstone Solutions;DE1005274807899939805;-7095.88;-184691.23;Withdrawal;Cost of Goods Sold
2024-09-26;2024-09-26;REF9021;Jackson Jones;DE6798178739033726258;-808.92;-185500.15;Withdrawal;Taxes
2024-09-26;2024-09-27;INV3361;Crescent Technologies;DE1860197269680432003;6155.58;-179344.57;Transfer;Revenue
2024-09-28;2024-09-28;REF8432;Ethan Moore;DE5143222138124291040;-318.21;-179662.78;Withdrawal;Marketing
2024-09-29;2024-09-29;PO5788;Synergy Technologies;DE7626146788286948833;-5484.74;-185147.52;Withdrawal;Taxes
2024-09-29;2024-09-29;INV3705;Crystal Ventures;DE5383706197956849164;3983.2;-181164.32;Payment;Revenue
2024-09-29;2024-09-29;INV5504;Crescent Technologies;DE1860197269680432003;11803.49;-169360.83;Transfer;Taxes
2024-09-30;2024-09-30;PO9501;Summit Enterprises;DE9280954483357112007;-7401.59;-176762.42;Withdrawal;Research and Development
2024-09-30;2024-09-30;TAX3762;Federal Tax Authority;DE6618241879776128855;-2100.14;-178862.56;Transfer;Cost of Goods Sold
2024-09-30;2024-09-30;PO4178;Sierra Industries;DE3390620094997185945;-6325.27;-185187.83;Payment;Revenue
2024-09-30;2024-10-01;INV1268;Charlotte Taylor;DE3318885925221042601;565.27;-184622.56;Transfer;Administrative Expenses
2024-09-30;2024-09-30;INV7628;Crescent Technologies;DE1860197269680432003;13966.72;-170655.84;Transfer;Marketing
2024-10-01;2024-10-01;TAX6573;Federal Tax Authority;DE6618241879776128855;-4453.39;-175109.23;Transfer;Cost of Goods Sold
2024-10-02;2024-10-02;INV8947;Crescent Technologies;DE1860197269680432003;7728.41;-167380.82;Transfer;Cost of Goods Sold
2024-10-02;2024-10-02;REF5215;James Smith;DE5075213287439027999;-239.1;-167619.92;Withdrawal;Research and Development
2024-10-02;2024-10-02;PO4613;Synergy Technologies;DE7626146788286948833;-5122.59;-172742.51;Withdrawal;Research and Development
2024-10-02;2024-10-02;TAX8293;Federal Revenue Service;DE4267818305575542483;-1706.0;-174448.51;Transfer;Taxes
2024-10-02;2024-10-02;INV9115;Charlotte Taylor;DE3318885925221042601;8250.4;-166198.11;Transfer;Research and Development
2024-10-02;2024-10-02;REF3170;Tom Williams;DE5617091973383039115;866.52;-165331.59;Transfer;Cost of Goods Sold
2024-10-03;2024-10-03;INV8051;Circuit Innovations;DE2011334758886620566;13203.08;-152128.51;Transfer;Marketing
2024-10-03;2024-10-03;PO4437;Sierra Industries;DE3390620094997185945;-2475.8;-154604.31;Transfer;Administrative Expenses
2024-10-03;2024-10-03;REF7537;Olivia Johnson;DE3875075356094878438;990.3;-153614.01;Withdrawal;Research and Development
2024-10-04;2024-10-04;TAX3270;Federal Tax Authority;DE6618241879776128855;-2152.95;-155766.96;Transfer;Taxes
2024-10-04;2024-10-04;INV3992;Crystal Ventures;DE5383706197956849164;3840.76;-151926.2;Transfer;Cost of Goods Sold
2024-10-04;2024-10-04;PO1621;Sierra Industries;DE3390620094997185945;-9098.33;-161024.53;Transfer;Research and Development
2024-10-04;2024-10-04;REF5440;Ava Davis;DE2434045291625091977;-716.89;-161741.42;Withdrawal;Interest Expense
2024-10-04;2024-10-04;INV4846;Cobalt Solutions;DE3145917995920697483;9471.1;-152270.32;Payment;Revenue
2024-10-05;2024-10-05;TAX1001;Federal Revenue Service;DE4267818305575542483;-3783.15;-156053.47;Transfer;Research and Development
2024-10-05;2024-10-05;INV6724;Cobalt Solutions;DE3145917995920697483;3325.76;-152727.71;Transfer;Interest Expense
2024-10-07;2024-10-07;INV2113;Crescent Technologies;DE1860197269680432003;189.3;-152538.41;Transfer;Research and Development
2024-10-08;2024-10-08;TAX6530;Federal Revenue Service;DE4267818305575542483;-3739.1;-156277.51;Transfer;Interest Expense
2024-10-08;2024-10-08;PO2198;Synergy Technologies;DE7626146788286948833;-7096.38;-163373.89;Transfer;Administrative Expenses
2024-10-09;2024-10-09;REF5237;James Smith;DE5075213287439027999;497.92;-162875.97;Transfer;Administrative Expenses
2024-10-09;2024-10-09;TAX2343;Federal Tax Authority;DE6618241879776128855;-875.21;-163751.18;Transfer;Research and Development
2024-10-09;2024-10-09;PO8734;Synergy Technologies;DE7626146788286948833;-3467.46;-167218.64;Transfer;Administrative Expenses
2024-10-09;2024-10-09;INV2077;Cobalt Solutions;DE3145917995920697483;4646.27;-162572.37;Payment;Revenue
2024-10-10;2024-10-10;REF1117;Liam Brown;DE2287010195568088798;-858.01;-163430.38;Transfer;Cost of Goods Sold
2024-10-10;2024-10-10;REF9261;Isabella Wilson;DE1610482117117913758;-99.29;-163529.67;Withdrawal;Interest Expense
2024-10-10;2024-10-10;PO3539;Silverstone Solutions;DE1005274807899939805;-5510.65;-169040.32;Withdrawal;Interest Expense
2024-10-10;2024-10-10;TAX2697;Federal Revenue Service;DE4267818305575542483;-399.24;-169439.56;Transfer;Administrative Expenses
2024-10-11;2024-10-11;PO6400;Synergy Technologies;DE7626146788286948833;-3306.57;-172746.13;Withdrawal;Marketing
2024-10-11;2024-10-11;REF7244;Mason Miller;DE4172431589140685843;571.61;-172174.52;Withdrawal;Taxes
2024-10-11;2024-10-11;REF8215;Jackson Jones;DE6798178739033726258;-611.19;-172785.71;Withdrawal;Cost of Goods Sold
2024-10-12;2024-10-12;REF2692;Ethan Moore;DE5143222138124291040;-947.48;-173733.19;Withdrawal;Interest Expense
2024-10-12;2024-10-12;REF8976;Jackson Jones;DE6798178739033726258;-423.48;-174156.67;Withdrawal;Cost of Goods Sold
2024-10-12;2024-10-12;REF7046;Ethan Moore;DE5143222138124291040;588.5;-173568.17;Transfer;Taxes
2024-10-12;2024-10-12;INV8478;Cosmos Enterprises;DE4713525880837132271;2008.75;-171559.42;Payment;Revenue
2024-10-12;2024-10-12;REF4978;Isabella Wilson;DE1610482117117913758;-490.01;-172049.43;Withdrawal;Taxes
2024-10-13;2024-10-13;REF3093;Ava Davis;DE2434045291625091977;340.23;-171709.2;Transfer;Interest Expense
2024-10-13;2024-10-13;PO4354;Synergy Technologies;DE7626146788286948833;-8617.33;-180326.53;Withdrawal;Administrative Expenses
2024-10-13;2024-10-13;INV7997;Crescent Technologies;DE1860197269680432003;9618.08;-170708.45;Transfer;Taxes
2024-10-14;2024-10-15;PO1430;Sapphire Ventures;DE7225561338774758243;-3916.14;-174624.59;Payment;Revenue
2024-10-14;2024-10-14;PO7543;Summit Enterprises;DE9280954483357112007;-6383.66;-181008.25;Transfer;Research and Development
2024-10-14;2024-10-14;INV2789;Crystal Ventures;DE5383706197956849164;9239.0;-171769.25;Transfer;Cost of Goods Sold
2024-10-14;2024-10-14;REF8311;Tom Williams;DE5617091973383039115;-570.86;-172340.11;Withdrawal;Taxes
2024-10-14;2024-10-14;PO1913;Silverstone Solutions;DE1005274807899939805;-6090.07;-178430.18;Withdrawal;Interest Expense
2024-10-15;2024-10-15;INV6295;Charlotte Taylor;DE3318885925221042601;12965.06;-165465.12;Payment;Revenue
2024-10-16;2024-10-16;INV3324;Cobalt Solutions;DE3145917995920697483;11117.13;-154347.99;Transfer;Revenue
2024-10-16;2024-10-17;REF2111;Ava Davis;DE2434045291625091977;114.68;-154233.31;Transfer;Cost of Goods Sold
2024-10-16;2024-10-16;REF5430;Isabella Wilson;DE1610482117117913758;-640.37;-154873.68;Withdrawal;Interest Expense
2024-10-17;2024-10-17;REF6303;Mason Miller;DE4172431589140685843;464.8;-154408.88;Withdrawal;Interest Expense
2024-10-17;2024-10-17;REF8017;Ava Davis;DE2434045291625091977;-662.72;-155071.6;Withdrawal;Administrative Expenses
2024-10-18;2024-10-18;PO9235;Sierra Industries;DE3390620094997185945;-1040.33;-156111.93;Transfer;Interest Expense
2024-10-18;2024-10-18;REF7802;James Smith;DE5075213287439027999;492.22;-155619.71;Withdrawal;Taxes
2024-10-18;2024-10-18;PO1006;Synergy Technologies;DE7626146788286948833;-6964.29;-162584.0;Transfer;Marketing
2024-10-19;2024-10-19;PO5440;Synergy Technologies;DE7626146788286948833;-3931.41;-166515.41;Transfer;Cost of Goods Sold
2024-10-19;2024-10-19;REF8792;Ava Davis;DE2434045291625091977;2.73;-166512.68;Transfer;Marketing
2024-10-19;2024-10-19;INV6325;Crescent Technologies;DE1860197269680432003;9151.09;-157361.59;Transfer;Research and Development
2024-10-19;2024-10-19;PO1630;Silverstone Solutions;DE1005274807899939805;-4798.72;-162160.31;Withdrawal;Research and Development
2024-10-20;2024-10-20;PO2560;Silverstone Solutions;DE1005274807899939805;-8645.47;-170805.78;Withdrawal;Cost of Goods Sold
2024-10-20;2024-10-20;INV2475;Crystal Ventures;DE5383706197956849164;11695.1;-159110.68;Transfer;Interest Expense
2024-10-20;2024-10-20;PO1530;Summit Enterprises;DE9280954483357112007;-8181.0;-167291.68;Withdrawal;Interest Expense
2024-10-20;2024-10-20;REF6782;Ethan Moore;DE5143222138124291040;921.16;-166370.52;Withdrawal;Marketing
2024-10-21;2024-10-21;PO6253;Sapphire Ventures;DE7225561338774758243;-7633.33;-174003.85;Transfer;Interest Expense
2024-10-21;2024-10-21;INV6763;Crescent Technologies;DE1860197269680432003;4486.2;-169517.65;Payment;Revenue
2024-10-22;2024-10-22;TAX7396;Federal Tax Authority;DE6618241879776128855;-210.96;-169728.61;Transfer;Marketing
2024-10-22;2024-10-22;REF6888;Ethan Moore;DE5143222138124291040;-587.38;-170315.99;Transfer;Cost of Goods Sold
2024-10-22;2024-10-22;REF8708;James Smith;DE5075213287439027999;37.93;-170278.06;Payment;Revenue
2024-10-22;2024-10-22;INV8144;Circuit Innovations;DE2011334758886620566;35.35;-170242.71;Transfer;Administrative Expenses
2024-10-22;2024-10-22;REF2084;Mason Miller;DE4172431589140685843;939.23;-169303.48;Withdrawal;Cost of Goods Sold
2024-10-23;2024-10-23;PO4555;Silverstone Solutions;DE1005274807899939805;-2849.04;-172152.52;Withdrawal;Administrative Expenses
2024-10-23;2024-10-23;REF8618;Ava Davis;DE2434045291625091977;-116.43;-172268.95;Deposit;Revenue
2024-10-23;2024-10-23;PO5764;Synergy Technologies;DE7626146788286948833;-9630.2;-181899.15;Withdrawal;Research and Development
2024-10-24;2024-10-24;INV7162;Cosmos Enterprises;DE4713525880837132271;11667.15;-170232.0;Transfer;Marketing
2024-10-24;2024-10-24;TAX9737;Federal Tax Authority;DE6618241879776128855;-861.97;-171093.97;Transfer;Administrative Expenses
2024-10-24;2024-10-24;REF3185;Ava Davis;DE2434045291625091977;-911.33;-172005.3;Withdrawal;Taxes
2024-10-25;2024-10-25;PO6511;Silverstone Solutions;DE1005274807899939805;-5743.24;-177748.54;Withdrawal;Research and Development
2024-10-25;2024-10-25;INV2404;Charlotte Taylor;DE3318885925221042601;164.7;-177583.84;Transfer;Taxes
2024-10-26;2024-10-26;REF7928;Liam Brown;DE2287010195568088798;-563.98;-178147.82;Transfer;Cost of Goods Sold
2024-10-26;2024-10-26;PO3579;Silverstone Solutions;DE1005274807899939805;-9431.77;-187579.59;Payment;Revenue
2024-10-27;2024-10-27;INV7043;Cosmos Enterprises;DE4713525880837132271;13737.95;-173841.64;Transfer;Research and Development
2024-10-27;2024-10-27;PO1612;Sierra Industries;DE3390620094997185945;-7101.71;-180943.35;Transfer;Interest Expense
2024-10-27;2024-10-27;PO4555;Synergy Technologies;DE7626146788286948833;-5210.85;-186154.2;Withdrawal;Marketing
2024-10-27;2024-10-27;INV9465;Cobalt Solutions;DE3145917995920697483;3781.28;-182372.92;Transfer;Research and Development
2024-10-27;2024-10-28;REF8675;Ava Davis;DE2434045291625091977;-737.68;-183110.6;Withdrawal;Taxes
2024-10-28;2024-10-29;REF7615;Mason Miller;DE4172431589140685843;-864.86;-183975.46;Transfer;Taxes
2024-10-28;2024-10-28;INV3039;Circuit Innovations;DE2011334758886620566;5778.54;-178196.92;Transfer;Cost of Goods Sold
2024-10-30;2024-10-30;INV9414;Crescent Technologies;DE1860197269680432003;10701.21;-167495.71;Transfer;Cost of Goods Sold
2024-10-30;2024-10-30;TAX8430;Federal Tax Authority;DE6618241879776128855;-3141.06;-170636.77;Transfer;Cost of Goods Sold
2024-10-30;2024-10-30;REF2032;Isabella Wilson;DE1610482117117913758;585.48;-170051.29;Withdrawal;Research and Development
2024-10-30;2024-10-30;INV4519;Crescent Technologies;DE1860197269680432003;3094.71;-166956.58;Transfer;Research and Development
2024-10-30;2024-10-30;REF2419;Liam Brown;DE2287010195568088798;-442.14;-167398.72;Payment;Revenue
2024-10-31;2024-10-31;REF6152;Jackson Jones;DE6798178739033726258;419.68;-166979.04;Withdrawal;Research and Development
2024-10-31;2024-10-31;INV7868;Cobalt Solutions;DE3145917995920697483;9864.02;-157115.02;Payment;Revenue
2024-10-31;2024-10-31;REF8649;Ava Davis;DE2434045291625091977;778.37;-156336.65;Transfer;Research and Development
2024-10-31;2024-10-31;INV7251;Circuit Innovations;DE2011334758886620566;1186.38;-155150.27;Transfer;Taxes
2024-11-01;2024-11-01;INV9282;Charlotte Taylor;DE3318885925221042601;9085.35;-146064.92;Transfer;Taxes
2024-11-01;2024-11-01;TAX1427;Federal Revenue Service;DE4267818305575542483;-3239.62;-149304.54;Transfer;Cost of Goods Sold
2024-11-01;2024-11-01;REF1166;Tom Williams;DE5617091973383039115;33.25;-149271.29;Deposit;Revenue
2024-11-01;2024-11-01;INV5945;Crystal Ventures;DE5383706197956849164;108.47;-149162.82;Transfer;Cost of Goods Sold
2024-11-02;2024-11-02;PO1173;Sapphire Ventures;DE7225561338774758243;-5470.42;-154633.24;Withdrawal;Research and Development
2024-11-02;2024-11-02;REF6280;Ethan Moore;DE5143222138124291040;207.43;-154425.81;Transfer;Revenue
2024-11-03;2024-11-03;PO1672;Summit Enterprises;DE9280954483357112007;-6531.43;-160957.24;Withdrawal;Taxes
2024-11-03;2024-11-03;REF2860;Liam Brown;DE2287010195568088798;-700.08;-161657.32;Transfer;Cost of Goods Sold
2024-11-03;2024-11-03;PO6499;Summit Enterprises;DE9280954483357112007;-3845.13;-165502.45;Withdrawal;Marketing
2024-11-04;2024-11-04;REF8961;Tom Williams;DE5617091973383039115;-53.54;-165555.99;Withdrawal;Interest Expense
2024-11-04;2024-11-04;TAX2574;Federal Revenue Service;DE4267818305575542483;-922.94;-166478.93;Transfer;Marketing
2024-11-04;2024-11-04;INV7668;Cobalt Solutions;DE3145917995920697483;13452.63;-153026.3;Transfer;Marketing
2024-11-04;2024-11-04;TAX2234;Federal Tax Authority;DE6618241879776128855;-4131.98;-157158.28;Transfer;Marketing
2024-11-05;2024-11-05;REF1854;Tom Williams;DE5617091973383039115;282.36;-156875.92;Withdrawal;Interest Expense
2024-11-05;2024-11-06;TAX5990;Federal Tax Authority;DE6618241879776128855;-638.46;-157514.38;Transfer;Interest Expense
2024-11-05;2024-11-06;REF2363;Ava Davis;DE2434045291625091977;892.86;-156621.52;Withdrawal;Taxes
2024-11-06;2024-11-06;REF4531;Tom Williams;DE5617091973383039115;509.89;-156111.63;Transfer;Administrative Expenses
2024-11-06;2024-11-06;REF2622;Olivia Johnson;DE3875075356094878438;325.23;-155786.4;Transfer;Cost of Goods Sold
2024-11-06;2024-11-06;INV7249;Charlotte Taylor;DE3318885925221042601;5932.75;-149853.65;Transfer;Marketing
2024-11-07;2024-11-07;INV1570;Charlotte Taylor;DE3318885925221042601;1902.19;-147951.46;Transfer;Taxes
2024-11-07;2024-11-08;REF5482;Liam Brown;DE2287010195568088798;-204.26;-148155.72;Withdrawal;Marketing
2024-11-07;2024-11-07;TAX1296;Federal Revenue Service;DE4267818305575542483;-2292.77;-150448.49;Transfer;Marketing
2024-11-07;2024-11-08;TAX2225;Federal Revenue Service;DE4267818305575542483;-2187.65;-152636.14;Transfer;Interest Expense
2024-11-08;2024-11-09;INV4404;Cosmos Enterprises;DE4713525880837132271;9386.47;-143249.67;Payment;Revenue
2024-11-08;2024-11-08;REF5571;Liam Brown;DE2287010195568088798;116.17;-143133.5;Deposit;Revenue
2024-11-08;2024-11-08;REF8007;Isabella Wilson;DE1610482117117913758;30.56;-143102.94;Transfer;Marketing
2024-11-09;2024-11-09;REF8447;Jackson Jones;DE6798178739033726258;-13.33;-143116.27;Transfer;Taxes
2024-11-09;2024-11-09;PO9666;Summit Enterprises;DE9280954483357112007;-137.98;-143254.25;Withdrawal;Taxes
2024-11-11;2024-11-11;PO5819;Synergy Technologies;DE7626146788286948833;-2112.02;-145366.27;Withdrawal;Administrative Expenses
2024-11-11;2024-11-11;INV2153;Circuit Innovations;DE2011334758886620566;12518.5;-132847.77;Transfer;Cost of Goods Sold
2024-11-12;2024-11-12;INV7265;Cobalt Solutions;DE3145917995920697483;389.1;-132458.67;Transfer;Marketing
2024-11-12;2024-11-13;PO5673;Synergy Technologies;DE7626146788286948833;-8179.02;-140637.69;Transfer;Taxes
2024-11-12;2024-11-12;INV5458;Cobalt Solutions;DE3145917995920697483;6652.26;-133985.43;Payment;Revenue
2024-11-13;2024-11-13;PO4912;Sapphire Ventures;DE7225561338774758243;-6796.27;-140781.7;Transfer;Interest Expense
2024-11-13;2024-11-13;REF1425;Ava Davis;DE2434045291625091977;-91.85;-140873.55;Withdrawal;Interest Expense
2024-11-14;2024-11-14;REF8033;Isabella Wilson;DE1610482117117913758;-600.56;-141474.11;Withdrawal;Marketing
2024-11-14;2024-11-14;REF1317;Ava Davis;DE2434045291625091977;-695.7;-142169.81;Transfer;Cost of Goods Sold
2024-11-14;2024-11-14;REF1444;Isabella Wilson;DE1610482117117913758;-832.11;-143001.92;Payment;Revenue
2024-11-15;2024-11-15;PO2351;Sierra Industries;DE3390620094997185945;-8733.05;-151734.97;Transfer;Taxes
2024-11-15;2024-11-15;REF4066;Ava Davis;DE2434045291625091977;-577.86;-152312.83;Transfer;Interest Expense
2024-11-16;2024-11-16;PO4127;Synergy Technologies;DE7626146788286948833;-9139.93;-161452.76;Withdrawal;Administrative Expenses
2024-11-16;2024-11-16;INV4335;Circuit Innovations;DE2011334758886620566;4013.17;-157439.59;Transfer;Administrative Expenses
2024-11-16;2024-11-16;TAX9317;Federal Tax Authority;DE6618241879776128855;-2016.05;-159455.64;Transfer;Administrative Expenses
2024-11-17;2024-11-17;INV1782;Cosmos Enterprises;DE4713525880837132271;11350.83;-148104.81;Transfer;Marketing
2024-11-17;2024-11-18;INV2631;Crescent Technologies;DE1860197269680432003;11069.6;-137035.21;Transfer;Marketing
2024-11-18;2024-11-18;PO2146;Sierra Industries;DE3390620094997185945;-472.92;-137508.13;Transfer;Interest Expense
2024-11-18;2024-11-18;PO3406;Summit Enterprises;DE9280954483357112007;-9441.44;-146949.57;Withdrawal;Administrative Expenses
2024-11-19;2024-11-19;INV6401;Cobalt Solutions;DE3145917995920697483;1426.64;-145522.93;Payment;Revenue
2024-11-19;2024-11-19;REF2168;Isabella Wilson;DE1610482117117913758;-841.78;-146364.71;Withdrawal;Administrative Expenses
2024-11-19;2024-11-20;TAX9516;Federal Revenue Service;DE4267818305575542483;-233.96;-146598.67;Transfer;Marketing
2024-11-19;2024-11-19;REF3947;Olivia Johnson;DE3875075356094878438;752.81;-145845.86;Transfer;Cost of Goods Sold
2024-11-20;2024-11-20;INV5481;Charlotte Taylor;DE3318885925221042601;3148.64;-142697.22;Transfer;Research and Development
2024-11-21;2024-11-21;REF2404;Jackson Jones;DE6798178739033726258;-244.54;-142941.76;Withdrawal;Cost of Goods Sold
2024-11-21;2024-11-21;REF3270;Liam Brown;DE2287010195568088798;219.41;-142722.35;Transfer;Research and Development
2024-11-21;2024-11-21;REF7660;Jackson Jones;DE6798178739033726258;541.16;-142181.19;Transfer;Interest Expense
2024-11-21;2024-11-21;TAX2684;Federal Tax Authority;DE6618241879776128855;-3085.97;-145267.16;Transfer;Marketing
2024-11-22;2024-11-22;PO1197;Silverstone Solutions;DE1005274807899939805;-141.04;-145408.2;Withdrawal;Administrative Expenses
2024-11-22;2024-11-22;TAX4296;Federal Tax Authority;DE6618241879776128855;-1618.92;-147027.12;Transfer;Taxes
2024-11-22;2024-11-22;INV2415;Cosmos Enterprises;DE4713525880837132271;12848.05;-134179.07;Transfer;Marketing
2024-11-22;2024-11-23;REF8007;James Smith;DE5075213287439027999;121.81;-134057.26;Transfer;Revenue
2024-11-22;2024-11-23;PO1599;Summit Enterprises;DE9280954483357112007;-7930.08;-141987.34;Transfer;Marketing
2024-11-23;2024-11-23;TAX9938;Federal Tax Authority;DE6618241879776128855;-3580.61;-145567.95;Transfer;Marketing
2024-11-23;2024-11-23;PO1796;Synergy Technologies;DE7626146788286948833;-4066.7;-149634.65;Transfer;Interest Expense
2024-11-25;2024-11-25;PO1326;Sierra Industries;DE3390620094997185945;-9447.28;-159081.93;Transfer;Administrative Expenses
2024-11-26;2024-11-26;PO4079;Sierra Industries;DE3390620094997185945;-9557.96;-168639.89;Withdrawal;Research and Development
2024-11-26;2024-11-26;PO9686;Sierra Industries;DE3390620094997185945;-1589.34;-170229.23;Withdrawal;Research and Development
2024-11-26;2024-11-26;REF1406;James Smith;DE5075213287439027999;143.99;-170085.24;Withdrawal;Interest Expense
2024-11-26;2024-11-26;TAX8282;Federal Revenue Service;DE4267818305575542483;-4791.1;-174876.34;Transfer;Cost of Goods Sold
2024-11-26;2024-11-26;PO2558;Sierra Industries;DE3390620094997185945;-1709.8;-176586.14;Withdrawal;Taxes
2024-11-26;2024-11-26;REF1530;Isabella Wilson;DE1610482117117913758;210.19;-176375.95;Payment;Revenue
2024-11-26;2024-11-26;REF2684;Liam Brown;DE2287010195568088798;-707.11;-177083.06;Deposit;Revenue
2024-11-27;2024-11-28;INV8860;Crescent Technologies;DE1860197269680432003;10038.84;-167044.22;Transfer;Interest Expense
2024-11-28;2024-11-28;REF7765;Tom Williams;DE5617091973383039115;-624.0;-167668.22;Transfer;Cost of Goods Sold
2024-11-28;2024-11-28;REF5557;Ethan Moore;DE5143222138124291040;618.86;-167049.36;Transfer;Taxes
2024-11-28;2024-11-28;REF9331;Isabella Wilson;DE1610482117117913758;953.22;-166096.14;Transfer;Administrative Expenses
2024-11-28;2024-11-28;INV1424;Cosmos Enterprises;DE4713525880837132271;11037.77;-155058.37;Payment;Revenue
2024-11-28;2024-11-28;TAX1659;Federal Tax Authority;DE6618241879776128855;-1304.26;-156362.63;Transfer;Cost of Goods Sold
2024-11-29;2024-11-29;REF6262;Jackson Jones;DE6798178739033726258;-429.17;-156791.8;Transfer;Taxes
2024-11-29;2024-11-30;INV4872;Crescent Technologies;DE1860197269680432003;2503.0;-154288.8;Payment;Revenue
2024-11-29;2024-11-29;REF9783;Tom Williams;DE5617091973383039115;-152.88;-154441.68;Withdrawal;Interest Expense
2024-11-29;2024-11-29;PO2670;Summit Enterprises;DE9280954483357112007;-3223.61;-157665.29;Transfer;Marketing
2024-11-30;2024-11-30;TAX2468;Federal Revenue Service;DE4267818305575542483;-1189.12;-158854.41;Transfer;Administrative Expenses
2024-11-30;2024-11-30;INV8101;Cobalt Solutions;DE3145917995920697483;14477.75;-144376.66;Transfer;Research and Development
2024-11-30;2024-11-30;TAX4377;Federal Tax Authority;DE6618241879776128855;-997.45;-145374.11;Transfer;Administrative Expenses
2024-11-30;2024-11-30;REF9042;Jackson Jones;DE6798178739033726258;602.2;-144771.91;Withdrawal;Taxes
2024-11-30;2024-12-01;REF7921;Isabella Wilson;DE1610482117117913758;542.72;-144229.19;Withdrawal;Research and Development
2024-11-30;2024-12-01;INV6559;Cosmos Enterprises;DE4713525880837132271;12010.88;-132218.31;Transfer;Cost of Goods Sold
2024-11-30;2024-11-30;REF4485;Isabella Wilson;DE1610482117117913758;-82.45;-132300.76;Transfer;Interest Expense
2024-12-01;2024-12-01;TAX7303;Federal Revenue Service;DE4267818305575542483;-1634.85;-133935.61;Transfer;Marketing
2024-12-01;2024-12-01;TAX8517;Federal Tax Authority;DE6618241879776128855;-4299.93;-138235.54;Transfer;Cost of Goods Sold
2024-12-01;2024-12-01;INV7029;Cosmos Enterprises;DE4713525880837132271;6559.9;-131675.64;Payment;Revenue
2024-12-01;2024-12-01;PO7686;Sierra Industries;DE3390620094997185945;-618.86;-132294.5;Withdrawal;Cost of Goods Sold
2024-12-02;2024-12-02;TAX4027;Federal Tax Authority;DE6618241879776128855;-609.59;-132904.09;Transfer;Administrative Expenses
2024-12-02;2024-12-02;INV7770;Charlotte Taylor;DE3318885925221042601;822.52;-132081.57;Payment;Revenue
2024-12-03;2024-12-03;INV8125;Cosmos Enterprises;DE4713525880837132271;14900.49;-117181.08;Transfer;Cost of Goods Sold
2024-12-03;2024-12-03;PO6531;Sapphire Ventures;DE7225561338774758243;-1583.13;-118764.21;Payment;Revenue
2024-12-03;2024-12-03;INV2591;Crystal Ventures;DE5383706197956849164;13552.02;-105212.19;Transfer;Administrative Expenses
2024-12-03;2024-12-03;INV1803;Crescent Technologies;DE1860197269680432003;13660.15;-91552.04;Payment;Revenue
2024-12-03;2024-12-03;PO1515;Sapphire Ventures;DE7225561338774758243;-8829.1;-100381.14;Withdrawal;Marketing
2024-12-03;2024-12-03;INV6114;Crescent Technologies;DE1860197269680432003;9586.37;-90794.77;Transfer;Administrative Expenses
2024-12-03;2024-12-03;PO3205;Silverstone Solutions;DE1005274807899939805;-371.09;-91165.86;Transfer;Research and Development
2024-12-04;2024-12-04;INV4943;Crescent Technologies;DE1860197269680432003;3099.16;-88066.7;Transfer;Research and Development
2024-12-04;2024-12-04;TAX6278;Federal Tax Authority;DE6618241879776128855;-4918.51;-92985.21;Transfer;Taxes
2024-12-04;2024-12-05;PO1693;Silverstone Solutions;DE1005274807899939805;-3932.34;-96917.55;Transfer;Interest Expense
2024-12-04;2024-12-04;REF2749;Isabella Wilson;DE1610482117117913758;261.23;-96656.32;Withdrawal;Research and Development
2024-12-04;2024-12-04;REF2307;Jackson Jones;DE6798178739033726258;710.64;-95945.68;Transfer;Marketing
2024-12-05;2024-12-06;REF5778;Liam Brown;DE2287010195568088798;-478.02;-96423.7;Withdrawal;Research and Development
2024-12-05;2024-12-05;PO9698;Sierra Industries;DE3390620094997185945;-6565.86;-102989.56;Payment;Revenue
2024-12-06;2024-12-07;REF1842;Ethan Moore;DE5143222138124291040;936.8;-102052.76;Withdrawal;Marketing
2024-12-06;2024-12-06;PO1937;Sapphire Ventures;DE7225561338774758243;-256.7;-102309.46;Withdrawal;Cost of Goods Sold
2024-12-06;2024-12-06;REF1721;James Smith;DE5075213287439027999;-168.64;-102478.1;Transfer;Taxes
2024-12-06;2024-12-06;PO6908;Silverstone Solutions;DE1005274807899939805;-9323.88;-111801.98;Payment;Revenue
2024-12-06;2024-12-07;PO7375;Sierra Industries;DE3390620094997185945;-3192.39;-114994.37;Withdrawal;Marketing
2024-12-09;2024-12-09;REF1298;Mason Miller;DE4172431589140685843;-274.8;-115269.17;Deposit;Revenue
2024-12-09;2024-12-09;INV5671;Cosmos Enterprises;DE4713525880837132271;9296.54;-105972.63;Transfer;Administrative Expenses
2024-12-10;2024-12-10;INV2036;Crescent Technologies;DE1860197269680432003;11341.85;-94630.78;Transfer;Interest Expense
2024-12-10;2024-12-10;REF7242;Tom Williams;DE5617091973383039115;644.83;-93985.95;Withdrawal;Cost of Goods Sold
2024-12-11;2024-12-11;INV6374;Crescent Technologies;DE1860197269680432003;13729.69;-80256.26;Transfer;Interest Expense
2024-12-11;2024-12-11;PO1060;Silverstone Solutions;DE1005274807899939805;-127.5;-80383.76;Transfer;Interest Expense
2024-12-11;2024-12-11;PO5684;Synergy Technologies;DE7626146788286948833;-1234.0;-81617.76;Withdrawal;Cost of Goods Sold
2024-12-11;2024-12-11;REF1004;Liam Brown;DE2287010195568088798;951.29;-80666.47;Transfer;Administrative Expenses
2024-12-12;2024-12-12;REF1425;Ava Davis;DE2434045291625091977;-431.44;-81097.91;Transfer;Marketing
2024-12-12;2024-12-12;INV8237;Cobalt Solutions;DE3145917995920697483;14179.08;-66918.83;Payment;Revenue
2024-12-13;2024-12-13;REF7269;James Smith;DE5075213287439027999;209.17;-66709.66;Withdrawal;Administrative Expenses
2024-12-13;2024-12-13;PO2931;Synergy Technologies;DE7626146788286948833;-7102.25;-73811.91;Withdrawal;Marketing
2024-12-13;2024-12-13;PO8583;Sierra Industries;DE3390620094997185945;-5550.87;-79362.78;Withdrawal;Research and Development
2024-12-14;2024-12-14;PO2800;Summit Enterprises;DE9280954483357112007;-8094.06;-87456.84;Withdrawal;Marketing
2024-12-14;2024-12-14;REF6139;Jackson Jones;DE6798178739033726258;818.46;-86638.38;Transfer;Taxes
2024-12-14;2024-12-14;REF9218;James Smith;DE5075213287439027999;32.6;-86605.78;Withdrawal;Research and Development
2024-12-14;2024-12-14;INV2584;Crystal Ventures;DE5383706197956849164;5914.62;-80691.16;Payment;Revenue
2024-12-14;2024-12-14;TAX3018;Federal Revenue Service;DE4267818305575542483;-2881.47;-83572.63;Transfer;Cost of Goods Sold
2024-12-15;2024-12-16;REF6692;Ava Davis;DE2434045291625091977;419.08;-83153.55;Withdrawal;Marketing
2024-12-15;2024-12-15;TAX9653;Federal Tax Authority;DE6618241879776128855;-2568.74;-85722.29;Transfer;Research and Development
2024-12-15;2024-12-15;INV8563;Crescent Technologies;DE1860197269680432003;14145.19;-71577.1;Transfer;Marketing
2024-12-15;2024-12-15;REF2857;Isabella Wilson;DE1610482117117913758;-228.25;-71805.35;Withdrawal;Cost of Goods Sold
2024-12-16;2024-12-16;TAX3461;Federal Revenue Service;DE4267818305575542483;-2436.39;-74241.74;Transfer;Research and Development
2024-12-16;2024-12-16;PO1881;Synergy Technologies;DE7626146788286948833;-9870.48;-84112.22;Withdrawal;Administrative Expenses
2024-12-16;2024-12-16;REF7721;Ethan Moore;DE5143222138124291040;-362.69;-84474.91;Transfer;Interest Expense
2024-12-16;2024-12-16;TAX6605;Federal Revenue Service;DE4267818305575542483;-2894.64;-87369.55;Transfer;Marketing
2024-12-17;2024-12-17;TAX2376;Federal Tax Authority;DE6618241879776128855;-2146.61;-89516.16;Transfer;Taxes
2024-12-17;2024-12-17;TAX3173;Federal Revenue Service;DE4267818305575542483;-191.46;-89707.62;Transfer;Research and Development
2024-12-17;2024-12-17;TAX6876;Federal Tax Authority;DE6618241879776128855;-4703.3;-94410.92;Transfer;Cost of Goods Sold
2024-12-18;2024-12-18;REF2137;Ava Davis;DE2434045291625091977;-666.71;-95077.63;Withdrawal;Research and Development
2024-12-18;2024-12-18;REF1534;Jackson Jones;DE6798178739033726258;-537.05;-95614.68;Withdrawal;Taxes
2024-12-18;2024-12-18;PO8775;Sapphire Ventures;DE7225561338774758243;-7347.35;-102962.03;Payment;Revenue
2024-12-18;2024-12-18;REF7996;Jackson Jones;DE6798178739033726258;217.69;-102744.34;Withdrawal;Marketing
2024-12-19;2024-12-19;INV1693;Charlotte Taylor;DE3318885925221042601;10904.95;-91839.39;Payment;Revenue
2024-12-19;2024-12-20;PO1590;Synergy Technologies;DE7626146788286948833;-1662.4;-93501.79;Payment;Revenue
2024-12-19;2024-12-20;TAX4926;Federal Revenue Service;DE4267818305575542483;-3760.38;-97262.17;Transfer;Administrative Expenses
2024-12-19;2024-12-19;INV8285;Charlotte Taylor;DE3318885925221042601;14258.82;-83003.35;Payment;Revenue
2024-12-19;2024-12-19;PO2706;Sapphire Ventures;DE7225561338774758243;-2943.01;-85946.36;Withdrawal;Research and Development
2024-12-19;2024-12-19;REF4263;Jackson Jones;DE6798178739033726258;998.75;-84947.61;Payment;Revenue
2024-12-20;2024-12-21;REF5216;Ava Davis;DE2434045291625091977;-676.07;-85623.68;Transfer;Administrative Expenses
2024-12-20;2024-12-20;REF3802;Olivia Johnson;DE3875075356094878438;571.46;-85052.22;Withdrawal;Taxes
2024-12-20;2024-12-20;INV8807;Crescent Technologies;DE1860197269680432003;74.15;-84978.07;Transfer;Interest Expense
2024-12-21;2024-12-21;TAX7561;Federal Revenue Service;DE4267818305575542483;-1013.53;-85991.6;Transfer;Marketing
2024-12-21;2024-12-21;REF9110;Isabella Wilson;DE1610482117117913758;369.39;-85622.21;Transfer;Cost of Goods Sold
2024-12-21;2024-12-21;REF2052;Olivia Johnson;DE3875075356094878438;-170.26;-85792.47;Withdrawal;Interest Expense
2024-12-21;2024-12-21;INV3764;Cosmos Enterprises;DE4713525880837132271;980.01;-84812.46;Transfer;Administrative Expenses
2024-12-22;2024-12-22;INV4436;Crystal Ventures;DE5383706197956849164;3279.87;-81532.59;Transfer;Interest Expense
2024-12-22;2024-12-23;PO7451;Synergy Technologies;DE7626146788286948833;-9027.78;-90560.37;Withdrawal;Interest Expense
2024-12-22;2024-12-22;REF7498;Olivia Johnson;DE3875075356094878438;830.25;-89730.12;Withdrawal;Marketing
2024-12-22;2024-12-22;REF4997;Isabella Wilson;DE1610482117117913758;-704.86;-90434.98;Transfer;Taxes
2024-12-23;2024-12-23;REF4826;Isabella Wilson;DE1610482117117913758;712.03;-89722.95;Payment;Revenue
2024-12-23;2024-12-24;PO4393;Synergy Technologies;DE7626146788286948833;-2130.96;-91853.91;Transfer;Research and Development
2024-12-23;2024-12-23;REF9056;James Smith;DE5075213287439027999;-996.84;-92850.75;Transfer;Taxes
2024-12-24;2024-12-24;REF9199;Tom Williams;DE5617091973383039115;79.96;-92770.79;Payment;Revenue
2024-12-24;2024-12-24;REF2494;Ethan Moore;DE5143222138124291040;407.4;-92363.39;Transfer;Cost of Goods Sold
2024-12-25;2024-12-25;TAX4522;Federal Tax Authority;DE6618241879776128855;-2892.66;-95256.05;Transfer;Marketing
2024-12-25;2024-12-25;TAX9791;Federal Tax Authority;DE6618241879776128855;-2365.49;-97621.54;Transfer;Administrative Expenses
2024-12-25;2024-12-26;TAX3803;Federal Tax Authority;DE6618241879776128855;-2382.71;-100004.25;Transfer;Cost of Goods Sold
2024-12-26;2024-12-26;REF8607;Mason Miller;DE4172431589140685843;407.8;-99596.45;Transfer;Taxes
2024-12-26;2024-12-26;REF2797;Mason Miller;DE4172431589140685843;722.5;-98873.95;Transfer;Cost of Goods Sold
2024-12-26;2024-12-26;PO2934;Silverstone Solutions;DE1005274807899939805;-3062.24;-101936.19;Withdrawal;Research and Development
2024-12-27;2024-12-27;REF6325;Olivia Johnson;DE3875075356094878438;996.25;-100939.94;Payment;Revenue
2024-12-27;2024-12-27;PO1086;Sapphire Ventures;DE7225561338774758243;-950.48;-101890.42;Transfer;Administrative Expenses
2024-12-28;2024-12-28;INV5412;Charlotte Taylor;DE3318885925221042601;8917.12;-92973.3;Transfer;Administrative Expenses
2024-12-28;2024-12-28;INV3803;Cosmos Enterprises;DE4713525880837132271;3366.7;-89606.6;Transfer;Administrative Expenses
2024-12-29;2024-12-29;PO1224;Synergy Technologies;DE7626146788286948833;-4483.01;-94089.61;Transfer;Cost of Goods Sold
2024-12-29;2024-12-29;INV4643;Cosmos Enterprises;DE4713525880837132271;1939.43;-92150.18;Transfer;Interest Expense
2024-12-30;2024-12-30;PO2873;Sierra Industries;DE3390620094997185945;-4084.29;-96234.47;Withdrawal;Marketing
2024-12-30;2024-12-30;INV3142;Crystal Ventures;DE5383706197956849164;11925.52;-84308.95;Transfer;Research and Development
2024-12-31;2024-12-31;INV3254;Crystal Ventures;DE5383706197956849164;584.16;-83724.79;Payment;Revenue
2024-12-31;2024-12-31;TAX9379;Federal Revenue Service;DE4267818305575542483;-2035.77;-85760.56;Transfer;Taxes
2024-12-31;2024-12-31;INV1067;Cosmos Enterprises;DE4713525880837132271;4671.61;-81088.95;Transfer;Interest Expense
2025-01-01;2025-01-01;PO4978;Summit Enterprises;DE9280954483357112007;-8982.01;-90070.96;Withdrawal;Taxes
2025-01-01;2025-01-01;REF1139;Tom Williams;DE5617091973383039115;540.15;-89530.81;Withdrawal;Marketing
